3300 5666
447 831 649 888 csaouroou
672 837 829 888 susurra
854 839 899 884 nn
923 839 1092 886 avasarn.
1230 829 1292 890 133

245 1013 252 1038 ‘
269 1009 348 1078 bere,
368 1013 405 1066 ad
433 1015 575 1082 synodum
593 1013 753 1086 Wigorniae
771 1017 868 1072 vocati
892 1013 1040 1082 accedere,
1062 1021 1286 1082 consueverunt,
1303 1019 1450 1076 A.D.1204.

243 1099 298 1152 ‘et
323 1097 401 1166 ipsos
428 1097 579 1168 episcopos
598 1101 634 1154 ad
658 1107 759 1154 eorum
786 1099 1008 1154 monasterium
1022 1101 1192 1154 accedentes
1219 1115 1286 1154 cunr

240 1183 247 1208 ‘
266 1181 450 1254 processione
468 1183 605 1252 recipere,
620 1201 653 1238 ac
672 1183 703 1236 in
720 1183 822 1240 multis
838 1183 903 1238 aliis
923 1183 995 1252 ipsis
1015 1183 1100 1252 quasi
1118 1183 1216 1238 devoti
1234 1183 1288 1236 filii

239 1265 392 1332 ‘-0bedire,
415 1273 445 1322 et
463 1269 559 1322 omnia
578 1267 741 1338 spiritualia
759 1267 795 1322 ab
815 1267 1110 1340 ecclesiaWigorniee
1125 1267 1284 1338 percipere,

239 1355 246 1378 ‘
265 1369 342 1406 nnnc
366 1351 398 1406 in
423 1351 530 1422 spiritu
548 1351 709 1408 contumaci
728 1351 858 1408 debitam
877 1353 972 1408 eidem
990 1353 1126 1424 episcopo
1152 1369 1285 1408 reveren-

238 1439 245 1462 ‘
264 1437 337 1490 tiam
355 1441 385 1490 et
403 1435 596 1492 obedientiam
614 1435 785 1492 subtrahere
803 1437 972 1492 moliuntur.
1020 1437 1117 1506 Quum
1136 1429 1214 1490 enim
1231 1453 1284 1490 nu-

238 1523 316 1590 ‘per
341 1519 420 1574 idem
447 1519 598 1590 episcopus
617 1537 675 1574 una
693 1535 761 1574 cum
785 1519 901 1574 dilectis
928 1521 997 1576 filiis
1022 1521 1124 1574 abbate
1136 1519 1284 1574 Wincheb
1376 1521 1378 1524 ’

237 1607 243 1630 ‘
263 1603 396 1670 cumbiae,
417 1603 513 1674 priore
539 1603 735 1668 Gloecestriae,
762 1603 876 1658 clericis
894 1603 1028 1674 pluribus
1047 1609 1077 1658 et
1091 1603 1281 1674 jurisperitis,

236 1691 242 1714 ‘
263 1691 343 1748 certo
356 1687 402 1744 die
412 1689 529 1756 praefixo
542 1693 572 1742 et
584 1689 619 1742 ab
632 1687 674 1754 eis
683 1691 799 1758 recepto
812 1687 849 1742 ad
858 1697 960 1742 eorum
972 1687 1183 1742 monasterium
1196 1703 1283 1742 causa

235 1771 436 1828 ‘visitationis
464 1773 621 1836 accederet,
650 1771 747 1842 ipsum
772 1773 901 1840 recipere
926 1771 1092 1838 noluerunt,-
1114 1773 1166 1826 sed
1184 1777 1282 1826 contu-

235 1859 242 1882 ‘
260 1857 382 1910 maciter
395 1857 563 1912 resistentes
576 1855 681 1922 eidem,
691 1873 785 1926 neque
795 1855 863 1926 jure
876 1855 922 1910 uti
934 1855 1081 1910 communi
1092 1873 1145 1910 nec
1156 1857 1281 1926 speciale

234 1939 450 2012 ‘privilegium
476 1951 527 2012 per
556 1941 633 2012 quod
658 1945 756 1996 essent
780 1935 908 2010 exempti
935 1941 1088 1996 ostendere
1113 1941 1278 2006 voluerunt,

233 2027 382 2084 ‘sednec
401 2027 489 2080 etiam
508 2025 721 2098 indulgentiam
741 2025 836 2080 eidem
863 2025 998 2096 episcopo
1017 2043 1035 2078 a
1052 2025 1136 2080 nobis
1163 2043 1278 2080 conces·

233 2111 239 2134 ⁶
260 2123 331 2174 sam,
345 2107 428 2180 cujus
442 2107 614 2164 auctoritate
633 2109 668 2162 de
687 2109 845 2164 intrinseca
857 2113 886 2162 et
898 2109 1060 2164 extrinseca
1072 2109 1281 2182 religiosarum,

232 2195 239 2216 ‘
259 2193 411 2246 domorum
428 2193 678 2248 administratione
697 2211 762 2264 quae
780 2193 838 2264 ipsi
857 2193 1020 2248 dicecesana
1039 2199 1107 2248 sunt
1125 2195 1192 2264 lege
1212 2195 1278 2248 sub·
1355 2237 1357 2242 1

231 2279 237 2302 ‘
254 2277 350 2348 jactae,
365 2277 558 2346 appellatione
577 2281 697 2342 remota,
718 2283 816 2348 potest
833 2281 1017 2348 cognoscere,
1033 2283 1209 2334 curaverunt
1227 2297 1276 2332 au-

231 2365 237 2386 ‘
257 2361 330 2426 dire,
344 2361 512 2416 multotiens
525 2359 671 2432 requisiti.
709 2361 873 2432 Episcopus
885 2355 969 2428 verc,
980 2363 1191 2418 communicato
1204 2379 1277 2432 prae-

230 2447 237 2470 ‘
257 2445 400 2498 dictorum
412 2443 542 2500 virorum
556 2447 585 2500 et
599 2447 839 2516 jurisperitorum
861 2447 992 2512 consiliu,
1013 2451 1075 2500 tam
1092 2447 1275 2500 manifestam

230 2531 385 2600 ‘ipsorum
412 2529 622 2584 contumaciam
649 2535 678 2584 et
705 2529 932 2584 inobedientiam
954 2531 1091 2584 canonica
1109 2541 1194 2600 prena
1211 2547 1275 2600 per·

229 2611 372 2678 ‘cellsus
401 2613 479 2682 ipsos
498 2619 647 2668 eteorum
672 2615 880 2668 monasterium
898 2619 928 2668 et
945 2615 1071 2684 capellas
1098 2615 1275 2684 pertinentes

229 2697 292 2750 ‘ad
322 2699 400 2768 ipsos
426 2715 444 2750 a
474 2697 642 2754 divinorum
672 2699 867 2752 celebratione
906 2699 1067 2768 suspendit.
1120 2697 1179 2752 Sed
1205 2699 1272 2768 ipsi,
1306 2713 1308 2716 ·

227 2783 234 2806 ‘
254 2781 441 2836 contumaciae
460 2781 671 2836 contumaciam
689 2781 892 2852 adjungentes,
914 2781 996 2834 illam
1014 2781 1189 2834 sententiam
1207 2797 1273 2834 con·

226 2867 432 2936 ‘tempserunt
458 2871 487 2920 et
514 2855 639 2920 officium
665 2865 769 2936 exequi
796 2865 922 2920 minimex
942 2865 1145 2928 formidarunt,
1159 2865 1273 2934 Wigor-

225 2951 369 3002 ‘nensem
399 2949 552 3004 ecclesiam
581 2959 614 3004 ac
647 2949 816 3018 episcopum
846 2953 1039 3002 memoratum
1066 2949 1271 3018 jurisdictione

225 3033 231 3056 ‘
251 3037 338 3102 atque
365 3031 528 3088 obedientia
553 3033 651 3088 ineos
670 3031 810 3088 hactenus
836 3031 936 3086 habita
954 3037 984 3086 et
1002 3031 1119 3086 obtenta
1141 3031 1269 3102 pacifice,

225 3117 446 3186 ‘praetermisso
462 3115 539 3186 juris
558 3117 669 3182 ordine,
689 3117 857 3186 spoliantes.
908 3113 1056 3170 Praeterea
1080 3113 1112 3168 in
1139 3115 1269 3170 ecclesiis

224 3201 230 3222 ‘
250 3205 279 3254 et
296 3199 417 3270 capellis
435 3199 522 3254 vallis
540 3197 725 3256 Eveslramiae
744 3217 835 3270 quum
854 3203 967 3264 vacant,
988 3217 1126 3268 personas
1145 3205 1175 3254 et
1193 3199 1269 3254 vica·

223 3285 232 3308 ⁰
248 3283 308 3338 rios
333 3283 495 3350 instituere,
519 3293 621 3340 caussa
650 3282 879 3338 matrimoniales
905 3289 936 3338 et
962 3283 1112 3354 sacrilegii
1132 3287 1266 3348 tractare,

221 3367 316 3422 ‘licet
342 3367 456 3420 nullum
483 3385 569 3438 super
596 3367 645 3424 bis
670 3367 860 3438 privilegium
886 3367 1011 3432 habeant
1035 3369 1081 3422 vel
1106 3369 1266 3432 ostendant,
1327 3361 1344 3402 Ἴ

221 3453 427 3520 ‘praesumunt
450 3455 480 3504 et
501 3449 655 3522 injungere
682 3451 867 3520 poenitentias
898 3449 1030 3520 publicas
1057 3455 1087 3506 et
1112 3451 1264 3506 solemnes.

221 3535 227 3558 ‘
246 3533 351 3590 Nuntii
368 3551 438 3590 vero
462 3533 576 3604 praefati
602 3533 714 3590 abbatis
733 3541 763 3590 et
780 3535 989 3590 monachorum
1007 3551 1042 3588 ex
1060 3533 1183 3590 adverso
1201 3553 1266 3604 pro-

220 3619 226 3642 ⁴
244 3635 351 3688 ponere
370 3623 555 3682 curaverunt,
571 3617 656 3686 quod,
672 3635 762 3686 quum
780 3617 990 3672 monasterium
1009 3619 1045 3672 de
1064 3617 1211 3672 Evesham
1229 3617 1266 3672 ad

220 3701 226 3726 ‘
245 3701 406 3756 Romanam
423 3703 576 3758 ecclesiam
594 3703 674 3756 nullo
692 3701 837 3772 pertineat
855 3701 1011 3766 mediante,
1032 3697 1110 3756 sicut
1126 3701 1158 3756 in
1175 3703 1264 3772 privi-

219 3785 322 3858 ‘legic
351 3785 445 3842 felicis
476 3777 624 3842 memoriae
649 3785 830 3842 Constantini
858 3797 940 3858 papae
971 3787 1052 3842 tertii
1082 3791 1111 3842 et
1140 3787 1264 3842 aliorum

218 3869 491 3940 ‘praedecesserum
515 3875 681 3926 nostrorum
708 3871 838 3926 noscitur
857 3871 1008 3936 contineri,
1029 3869 1186 3940 praedictus
1205 3873 1264 3942 epi-

218 3953 224 3974 ‘
244 3971 357 4024 scopus,
372 3959 471 4010 contra
488 3953 654 4010 libertatem
672 3953 707 4008 ab
727 3953 885 4024 apostolica
902 3955 972 4010 sede
990 3953 1138 4010 ‘obtentam
1157 3961 1186 4010 et
1201 3955 1263 4026 jana

218 4037 295 4108 ‘per
313 4037 486 4112 quingentos
512 4055 601 4094 annos
626 4039 657 4094 in
684 4049 755 4108 pace
781 4055 955 4108 possessam,
972 4033 1136 4108 'praesumit
1162 4045 1262 4096 contra

216 4121 384 4190 ‘justitiam
409 4123 573 4188 molestare,
600 4121 675 4176 illud
702 4139 770 4176 cum
791 4121 926 4178 omnibus
945 4121 983 4176 ad
1001 4123 1081 4178 idem
1100 4123 1131 4176 in
1151 4123 1265 4180 diocesi

216 4205 222 4228 ‘
242 4223 295 4262 sua
312 4205 534 4276 pertinentibus,
560 4211 626 4276 post
653 4205 878 4276 appellationem
896 4205 934 4262 ad
951 4223 1003 4262 nos
1022 4207 1154 4280 legitime
1172 4205 1260 4262 inter·

216 4289 365 4360 ‘positam
383 4297 413 4346 et
431 4301 528 4346 coram
546 4289 716 4344 officialibus
744 4289 920 4346 venerabilis
948 4291 1048 4348 fratris
1075 4291 1167 4346 nostri
1187 4289 1259 4346 Oan-

215 4371 396 4430 ‘tuariensir
421 4373 631 4444 archiepiscopi
650 4379 679 4428 et
704 4373 769 4444 ipso
794 4375 930 4444 episcopo
949 4373 1056 4442 saepius
1081 4375 1256 4440 innovatam,

215 4459 222 4484 ‘
240 4463 436 4520 ecclesiastico
453 4461 607 4518 interdicto
625 4469 654 4518 et
672 4461 961 4538 excommunicationi
974 4479 1146 4532 supponens.
1185 4461 1258 4518 Pen-

215 4545 226 4568 ‘'
241 4547 336 4602 siones
362 4547 483 4618 insuper
506 4547 656 4618 prohibuit
681 4547 724 4602 eis
752 4547 836 4602 reddi
855 4553 885 4602 et
902 4545 995 4600 multa
1013 4547 1070 4600 alia
1087 4547 1258 4616 gravamina

215 4627 221 4650 ‘
239 4629 282 4686 eis
299 4633 357 4686 nou
368 4637 462 4686 cessat
479 4637 533 4702 prc
551 4649 612 4686 suae
629 4631 787 4686 voluntatis
800 4631 921 4706 arbitrio
938 4629 1080 4700 irrogare.
1118 4631 1256 4686 Volentes

214 4711 221 4736 ‘
239 4713 332 4784 igitur
349 4721 410 4772 tam
431 4715 561 4784 episcopi
578 4715 711 4784 praedicti
731 4721 818 4784 quam
836 4715 989 4772 memorati
1006 4715 1173 4790 monasterii
1187 4715 1257 4784 jura

215 4795 352 4870 ‘integre
377 4799 551 4864 conservari,
571 4797 738 4856 discretioni
764 4805 871 4856 vestrae
894 4819 947 4870 per
965 4799 1122 4870 apostulica
1146 4798 1256 4868 scripta
