3308 5666
392 853 393 858 ,
436 793 634 864 cuaomcou
658 793 814 842 neenrnu
836 793 882 842 nn
906 793 1077 842 nvusunn.
1233 783 1272 842 41

236 985 315 1044 taxa
331 979 592 1064 circumjacentia
607 980 749 1046 locatum
765 979 908 1064 adeoque
932 999 1049 1042 sanum
1065 982 1098 1043 et
1113 977 1275 1044 incolume
1289 985 1438 1048 annoto.

236 1083 296 1148 vas
314 1081 397 1148 illud
420 1087 586 1170 repertum
609 1081 770 1170 estquod
792 1083 935 1148 fractura
949 1081 986 1144 in
1010 1103 1047 1146 eo
1068 1081 1166 1162 nulla,
1182 1081 1273 1148 nulla

235 1205 366 1270 prorsus
387 1185 455 1250 olla
476 1187 512 1250 iu
534 1191 627 1272 parte
650 1187 687 1248 in
711 1207 747 1248 eo
770 1185 938 1250 videretur
961 1183 1083 1248 laesura.
1132 1183 1274 1262 Quibus·

236 1309 372 1372 cumque
402 1287 497 1352 enim
536 1311 605 1354 suae
635 1285 926 1352 animadversionis
964 1287 1055 1352 Deus
1097 1287 1275 1352 intentaret

234 1391 423 1470 vindictam,
451 1391 533 1456 circa
556 1391 645 1458 hunc
668 1391 813 1468 beatum¹
828 1391 936 1456 virum
963 1391 1079 1478 gratiae
1107 1413 1144 1456 ac
1168 1415 1275 1478 accep-

236 1493 375 1558 tationis*
400 1517 467 1560 suae
497 1517 651 1580 magnam
690 1493 884 1560 ostendebat
918 1493 1039 1578 ubique
1076 1495 1294 1584 evidentiam,

231 1597 309 1684 'Ipse
325 1601 422 1686 'super
437 1597 546 1664 omnia
562 1599 651 1664 Deus
665 1595 857 1664 benedictus
872 1597 908 1660 in
923 1595 1047 1664 saecula.
1094 1597 1207 1664 Amen.

677 1729 678 1732 ,
1124 1705 1131 1730 .

131 2099 136 2108 ,
233 2009 321 2078 Item
352 2011 392 2076 dc
415 2011 563 2098 quodam
588 2011 715 2078 cueteco
746 2011 809 2098 qui
839 2011 926 2078 dom
955 2009 1121 2096 reliquias
1153 2009 1273 2078 Sancti
1343 1999 1350 2032 ³

322 2113 461 2200 Epcotni
485 2115 525 2180 cta
549 2123 637 2182 terro
659 2115 769 2182 tollore
792 2113 915 2192 debuit,
932 2113 1115 2202 propriora
1137 2111 1274 2180 barbam

321 2217 456 2284 oculatt
548 2223 550 2226 ’

270 2379 358 2468 Rege
368 2377 538 2458 AEielredo,
548 2379 692 2468 Eadgari
703 2377 814 2466 magni
824 2379 908 2468 regis
920 2379 996 2456 filio,
1007 2377 1272 2444 fecundissimum
1288 2379 1431 2444 [zathenen

232 2483 362 2570 Angliae
387 2507 524 2570 regnum
549 2485 666 2549 devote
697 2483 908 2570 gubernante,
935 2483 1005 2546 viro
1035 2483 1177 2568 plurimo
1207 2483 1272 2546 vir·
1285 2449 1402 2582 {reegero

231 2591 343 2652 tutum
366 2587 444 2652 flore
467 2587 624 2666 redimite,
650 2585 716 2650 snit
741 2585 874 2672 quidam
898 2585 1047 2672 auantiae
1071 2587 1155 2672 pesti
1175 2607 1272 2672 supra
1285 2581 1351 2634 AD·
1365 2585 1434 2652 978·]

230 2689 363 2752 modum
375 2689 513 2768 deditum
530 2711 567 2754 ao
578 2711 635 2774 per
646 2689 705 2754 boc
718 2687 832 2752 salutis
843 2709 912 2752 suae
927 2687 1065 2750 nimium
1080 2687 1269 2764 incuriosae,

230 2791 287 2876 qui
302 2791 345 2856 ad
368 2791 435 2870 boc,
451 2789 584 2856 inimico
607 2791 742 2856 humani
765 2789 892 2876 generis
907 2789 1093 2874 instigante,
1112 2789 1269 2876 prorupit,

229 2897 268 2956 ut
293 2893 333 2956 de
360 2897 446 2974 terra
477 2891 581 2958 sancti
608 2891 756 2978 Ecgwini
781 2913 933 2978 magnam
957 2895 1084 2976 partem
1106 2891 1269 2956 laboraret

229 2993 390 3074 invadere,
423 3001 585 3080 quatenus
615 2997 763 3060 invasam
795 2993 895 3080 juxta
936 2993 987 3058 eui
1012 2993 1097 3080 juris
1136 2993 1267 3059 libitum

228 3099 352 3164 valeret
370 3097 539 3186 possidere.
578 3097 823 3164 Contradicitur
837 3121 856 3162 a
871 3097 984 3160 multis
999 3101 1147 3162 sanctum
1163 3097 1268 3162 locum
1282 3101 1308 3152 A
1320 3111 1435 3170 country.

217 3201 315 3266 'tueri
338 3201 554 3286 cupientibus,·
582 3207 615 3266 et
641 3199 802 3286 praecipue
830 3199 870 3264 ab
896 3197 1039 3284 ejusdem
1063 3199 1124 3264 loci
1151 3199 1269 3265 abbate
1281 3185 1435 3302 {20⁶1ssssng

228 3303 358 3368 nomine
383 3303 561 3368 Oewardos
596 3301 827 3368 Controversia
848 3299 1094 3388 multiplicatur,
1113 3307 1146 3366 et
1169 3301 1268 3366 variis
1281 3309 1395 3356 roswear
1422 3351 1423 3356 η

1185 3405 1191 3418 .
1281 3383 1353 3434 away
1364 3371 1424 3420 land
1517 3439 1518 3442 Ἴ
1535 3417 1539 3424 ,,

229 3403 472 3492 objectionibus
488 3425 583 3472 causa
602 3405 727 3470 diatim
755 3407 962 3492 aggravatur,
991 3403 1098 3482 donec,
1118 3403 1267 3490 judicum
1280 3437 1344 3484 from
1355 3437 1397 3486 the

228 3507 397 3584 sententia,
421 3505 646 3574 incommune
672 3509 858 3574 decernitur
874 3507 942 3572 dieo
967 3507 1010 3572 ad
1027 3509 1111 3572 hanc
1139 3529 1267 3572 caucam
1280 3503 1382 3620 slbbeffi

227 3611 412 3676 finiendam.
460 3611 568 3698 Igitur
589 3611 642 3676 die
664 3601 843 3694 constituta
857 3611 944 3674 liunt
958 3633 1066 3696 preces
1082 3611 1267 3686 studtosiue
1281 3585 1363 3688 bffi,
1384 3587 1395 3620 ⁵

228 3713 317 3778 Deus
338 3709 381 3778 ‘et
411 3713 491 3800 Ejus
521 3715 626 3782 sancti
657 3711 874 3802 deposcuntm·
905 3713 1072 3778 attentius,
1133 3713 1268 3778 Peracta

227 3815 457 3902 supplicatione
488 3823 522 3882 et
551 3817 658 3882 missis
689 3839 731 3880 ex
761 3837 848 3880 more
880 3815 1056 3890 celebratio,
1088 3815 1131 3878 ad
1161 3815 1267 3880 locum

227 3917 431 4006 designatum
458 3941 530 3986 cum
560 3909 708 4004 reliquiis
738 3917 843 3984 sancti
874 3917 1023 4004 Ecgwini
1052 3923 1267 4004 properatur;

225 4021 265 4088 ab
304 4021 454 4088 omnibus
483 4023 518 4086 in
548 4021 746 4108 adjutorium
785 4023 917 4086 sanctus
953 4019 1087 4086 Domini
1121 4025 1264 4084 vocatur.

225 4123 329 4190 Adest
344 4131 378 4192 et
391 4125 534 4190 rusticus
549 4149 622 4190 cum
638 4125 705 4190 enie
720 4121 886 4208 barbarice
906 4123 1078 4200 frendens3
1103 4121 1266 4192 confertur

224 4223 261 4292 in
282 4229 573 4316 medio'procerum
596 4227 741 4314 quaetio,
766 4247 881 4292 verum
905 4227 979 4290 finis
1003 4223 1111 4290 nullus
1135 4227 1265 4310 poterat

225 4331 333 4400 adosse
348 4329 435 4396 huic¹
452 4331 591 4418 negotio,
635 4331 789 4408 Tandem,
803 4329 860 4394 lite
872 4329 1055 4406 terminata,
1069 4351 1088 4392 a
1098 4325 1266 4414 judicibus

224 4433 384 4500 statuitur
414 4439 452 4498 ut
491 4457 590 4516 manu
626 4431 758 4520 propria
791 4433 932 4496 rusticus
969 4429 1123 4514 reliquiae
1161 4429 1264 4494 sancti

231 4615 696 4624 m....-..-—-.-.-.-.-..-.--—--—-u„.—............„-.
902 4613 1008 4622 --.......,.--
1013 4615 1263 4622 -------=-----.-.·.-.-...--.,..

618 4725 625 4754 ¹
638 4721 707 4786 bulo]
720 4717 803 4782 hujus,
815 4719 870 4770 MS.
