3308 5666
406 727 471 790 334(
605 739 808 794 canonicor
829 739 989 790 3333333
1012 741 1060 790 nu
1080 743 1250 794 33333333.

237 927 305 984 AD
320 939 390 994 1333
402 929 529 1018 legatus
551 937 588 998 et
608 931 699 998 oouio
722 927 854 1014 obliquo
877 935 911 994 et
933 931 1031 996 vultu
1052 937 1151 996 33333
1179 929 1353 1018 respiciens
1388 925 1449 1010 3133,

236 1021 382 1134 tarpaei
402 1033 488 1098 dixit
507 1037 598 1114 mibi,-
620 1031 838 1096 “Miserrime
860 1029 1040 1112 homiuum,
1057 1033 1115 1120 qui
1138 1031 1259 1100 tantus
1275 1033 1450 1100 habebaris

147 1123 149 1126 ⁵
224 1099 300 1202 113133
310 1101 420 1204 31333
413 1137 477 1200 ‘in
506 1141 596 1222 33313
626 1135 782 1212 Romana,
813 1133 977 1222 quomodo
1015 1143 1106 1202 nunc
1141 1149 1318 1202 conversus
1348 1153 1382 1202 33
1412 1139 1449 1200 in

235 1219 322 1284 abbey.
403 1245 573 1306 “tautam
611 1239 782 1324 perfidiam
815 1241 854 1302 ut
889 1239 947 1324 qni
979 1243 1059 1304 tunc
1086 1243 1173 1304 33333
1202 1237 1347 1304 fideliter
1378 1239 1448 1304 tani

146 1335 147 1338 ¹
229 1349 230 1352 ’
401 1347 631 1408 “constanter
653 1341 775 1408 stetisti
797 1357 856 1426 pro
879 1341 1012 1406 ecclesia
1045 1345 1113 1422 333,
1137 1357 1226 1412 nunc
1249 1341 1343 1406 vides
1376 1357 1448 1406 eam

402 1453 419 1480 “
442 1447 590 1526 subverti
605 1451 639 1510 33
653 1467 720 1510 non
735 1443 953 1530 compaterisi
1012 1443 1144 1530 thuid
1163 1445 1313 1512 liberasti
1334 1459 1407 1510 eam
1421 1441 1449 1510 ⁴a
1481 1477 1484 1480 ·

401 1549 602 1612 “servitute
633 1547 778 1612 saecuiuri
812 1547 840 1610 31
863 1567 932 1610 non
960 1547 1077 1612 liberes
1103 1567 1174 1612 eam
1197 1571 1218 1612 3
1239 1549 1379 1636 peccabis
1414 1553 1448 1614 33

401 1657 417 1684 ”
440 1651 601 1714 servitute
624 1651 804 1714 diabolica?
836 1641 982 1714 Putasne
1004 1667 1064 1714 nos
1083 1649 1214 1716 'nescire
1238 1647 1327 1736 quod
1348 1651 1449 1736 periit

400 1759 418 1788 “
440 1752 528 1840 apud
550 1773 609 1818 vos
630 1753 753 1840 religia
777 1755 811 1816 et
845 1751 933 1836 qnod
955 1753 992 1816 in
1014 1757 1145 1818 tantam
1178 1745 1326 1818 incidisti
1352 1753 1447 1818 33133-
1500 1795 1501 1798 =

347 1935 349 1942 s
399 1857 522 1920 “riam
552 1855 640 1942 quod
661 1875 729 1920 non
752 1849 879 1918 habetis
905 1855 977 1940 jam
1000 1855 1059 1918 ubi
1094 1861 1203 1942 capnt,
1216 1855 1390 1934 reclinetis',
1413 1861 1448 1920 33

345 1983 348 1990 ’
398 1965 415 1994 ”
437 1963 477 2024 tu
513 1959 720 2044 negiigenter
758 1957 852 2042 egis?
898 1949 1005 2020 Immo
1043 1957 1216 2036 malitiose,
1247 1955 1324 2044 quia
1354 1957 1446 2024 faves

398 2069 413 2094 “
437 2061 551 2126 abbati
573 2065 637 2126 tuo
656 2067 689 2126 33
713 2059 782 2146 agis
806 2073 881 2124 eum
911 2063 949 2146 33
973 2059 1030 2144 qui
1054 2065 1104 2126 333
1126 2060 1317 2126 scandalum
1332 2061 1445 2126 totius

308 2205 309 2208 ,
396 2171 412 2222 ‘,‘
434 2163 633 2248 'religionis''
654 2163 700 2228 Et
712 2161 842 2246 adjecit,
860 2167 878 2194 “
893 2161 957 2224 Per
971 2161 1107 2228 beatum
1117 2161 1261 2240 Petrum,
1274 2163 1444 2228 veniemus

398 2271 423 2324 ’3.-
437 2265 479 2330 ad
494 2287 552 2330 vos
575 2267 611 2330 in
626 2265 718 2350 virga
740 2263 869 2344 furoris,
893 2257 927 2328 33
950 2259 999 2328 ita
1019 2265 1125 2350 primo
1148 2265 1325 2350 puniemus
1349 2269 1383 2330 33
1406 2285 1443 2330 33

396 2377 412 2404 “
434 2367 523 2456 quod
537 2369 608 2434 13333
628 2367 722 2434 nobis
751 2383 818 2430 non
840 2365 1001 2444 revelasti,
1025 2366 1113 2452 quod
1143 2367 1254 2432 caeteri
1277 2367 1444 2434 timebunt
1490 2429 1491 2432 ,

396 2479 412 2506 ”
435 2473 621 2556 quicunque
644 2469 810 2536 audierint
831 2469 971 2532 verbum
994 2467 1083 2534 hocss'
1140 2467 1211 2556 Ego
1242 2487 1319 2534 vero
1342 2485 1443 2556 quum·

395 2573 480 2638 1333
497 2573 660 2640 audissem
691 2571 795 2658 magis
828 2569 937 2650 timui,
973 2575 1007 2636 et
1039 2589 1116 2638 3333
1146 2573 1250 2638 flebili
1283 2573 1443 2660 respondi,

395 2683 416 2728 ’1
436 2675 585 2754 Domine,
609 2674 689 2760 quid
721 2695 772 2738 me
794 2671 846 2736 vis
879 2671 1008 2738 faceret
1032 2673 1124 2750 *Deo
1156 2679 1249 2752 teste,
1283 2695 1341 2760 ego
1376 2693 1443 2742 non

395 2785 412 2812 “
434 2777 530 2842 faveo
554 2777 668 2842 abbati
690 2797 771 2852 mec,
787 2779 872 2840 teste
897 2773 1030 2856 domino
1046 2774 1169 2840 decano
1193 2777 1250 2862 qui
1266 2777 1443 2862 aliquando
1487 2769 1489 2774 ’

396 2887 413 2914 ”
436 2879 565 2942 audivit
594 2901 647 2948 me
676 2901 736 2964 pro
766 2895 858 2962 posse
894 2899 968 2942 meo
997 2877 1195 2964 impugnare
1218 2879 1313 2942 'facte
1343 2879 1443 2964 ejus.'’

395 2983 440 3046 Et
463 2999 566 3066 quum
587 2977 912 3074 perhibuissetmihi
933 2971 1162 3046 testimonium
1184 2969 1332 3058 decanus,
1348 2983 1442 3066 quasi
1481 3055 1487 3060 ¹

393 3103 452 3168 per
481 3083 542 3148 hoe
572 3083 744 3166 mitigatus
774 3079 904 3168 legatus
935 3077 1023 3146 dixit
1053 3081 1144 3160 331131,
1168 3099 1342 3170 suppressa
1362 3097 1442 3148 voce

282 3195 299 3226 ι’
392 3185 470 3270 quia
491 3185 557 3250 fere
581 3185 690 3256 omnia
715 3183 780 3248 3113
802 3181 951 3248 audierat
973 3183 1105 3248 clericus
1128 3183 1258 3250 abbatis
1280 3183 1338 3268 qui
1360 3189 1442 3250 tune

226 3287 373 3376 Theiegate
392 3288 572 3353 advenerat
608 3291 646 3352 ut
674 3285 762 3352 331131
798 3283 1020 3362 insidiaretur,
1056 3293 1074 3318 “
1089 3284 1182 3352 Vade
1209 3289 1252 3350 ‘et
1286 3285 1453 3352 confirma

224 3379 400 3482 prophetes<
401 3391 547 3454 ‘fratres
569 3395 655 3466 tuos,
678 3395 712 3454 33
735 3409 810 3454 non
816 3387 944 3466 timeas,
976 3389 1055 3474 quia
1076 3389 1112 3452 in
1135 3389 1255 3476 spiritu
1289 3405 1439 3460 mansue-

225 3499 399 3550 3333333ωῶ
392 3493 559 3558 “tudinis
582 3493 752 3564 veniemus
774 3489 817 3554 ad
839 3495 882 3570 te,
899 3490 954 3557 sed
978 3511 1095 3556 caveas
1121 3491 1186 3556 tibi
1214 3489 1303 3576 quod
1325 3513 1383 3578 per
1404 3497 1439 3558 te

392 3597 568 3660 “sciamus
591 3595 765 3662 veritatem
800 3583 948 3658 status'
939 3593 1105 3658 interioris
1140 3597 1174 3658 33
1196 3595 1367 3660 exterioris
1390 3617 1452 3660 ee-.

392 3699 537 3764 “elesiae
560 3703 687 3776 vestrae,-
710 3701 744 3762 et
767 3699 859 3762 bene
872 3695 937 3760 tibi
952 3697 1045 3776 3313,
1067 3695 1096 3760 31
1121 3699 1232 3762 autem
1256 3717 1314 3780 per
1337 3697 1438 3760 alium

389 3787 512 3866 “mede
534 3801 597 3866 tibi
630 3801 701 3878 erit,
724 3799 802 3886 quia
823 3799 976 3864 novimus
1008 3799 1176 3862 3333333113
1208 3801 1291 3864 bene
1314 3799 1438 3868 nossess'

389 3903 435 3970 Et
458 3903 605 3988 3331313313,-
628 3902 744 3968 “Vide
761 3923 802 3966 ne
817 3901 936 3986 aliquis
960 3901 1042 3964 33133
1058 3901 1221 3964 verbum
1212 3907 1257 3968 1st
1242 3900 1302 3968 tud
1318 3907 1437 3988 praeter

386 4011 423 4088 te
452 4029 487 4072 33
488 4005 586 4072 i.um'’
641 4005 712 4090 Ego
740 4025 817 4068 vero
848 4002 996 4088 gaudens
1025 4003 1140 4094 3333331
1170 4007 1205 4068 33
1233 4021 1329 4068 mane
1359 4007 1436 4070 veni

329 4171 331 4174 .
378 4109 630 4186 Bradevveliam,
653 4113 686 4172 et
708 4107 844 4172 invento
865 4105 913 4174 1131
935 4105 1054 4188 abbate
1088 4089 1243 4170 nuntiavi
1266 4107 1295 4170 ei
1318 4105 1437 4198 probra

388 4233 462 4298 quae
485 4213 613 4276 dixerat
635 4211 717 4274 mihi
738 4211 874 4294 legatus
890 4213 1108 4274 veruntamen
1131 4206 1255 4274 advent
1240 4213 1311 4274 tum
1334 4207 1436 4304 legati

387 4335 454 4378 non
488 4303 633 4378 33331331
667 4313 705 4390 31,
741 4315 775 4374 33
809 4331 911 4396 quum
944 4303 1080 4374 clericus
1114 4309 1209 4404 ejus
1206 4301 1435 4396 perhibuisset

388 4415 470 4480 mihi
492 4399 718 4480 testimonium
733 4405 897 4498 superbis
913 4435 987 4498 quae
1001 4401 1158 4492 audierat,
1175 4409 1277 4488 abbas
1293 4415 1435 4502 suscepit

388 4539 440 4582 me
456 4519 549 4604 quasi
570 4519 606 4580 in
629 4517 819 4602 ampliorem
834 4515 982 4602 gratiam,
999 4515 1077 4602 quia
1091 4513 1211 4600 probra
1226 4513 1284 4580 1113
1298 4515 1435 4582 videbar

388 4641 447 4704 pro
470 4643 508 4686 eo
530 4605 731 4690 sustinuisse.
778 4617 824 4682 Et
846 4633 948 4702 quum
971 4617 1090 4682 veliem
1122 4617 1268 4684 recedere
1292 4617 1434 4690 Evesha
