3300 5666
304 747 305 752 =
416 719 480 788 276
615 737 815 786 cneorucou
836 733 995 784 learns:
1017 735 1065 784 nu
1087 737 1256 788 suasum.

347 933 348 936 ’
414 947 516 1012 papae,
542 947 605 1010 quo
618 929 756 990 ‘mortuo
773 919 930 990 'dominus
961 947 1047 1010 papa
1069 925 1210 990 contulit
1232 927 1362 992 easdem
1384 923 1456 990 Hu-

413 1029 543 1116 gucioni
566 1029 716 1114 Frapeirn
747 1027 870 1092 scilicet
902 1025 1032 1114 cuidam
1062 1029 1228 1116 capellano¹
1260 1049 1327 1094 suo.
1389 1029 1457 1094 Iste

414 1131 514 1196 etiam
530 1129 630 1196 abbas
653 1129 821 1194 revocavit
842 1129 878 1192 in
901 1129 1048 1214 proprios
1068 1151 1146 1196 usus
1168 1131 1395 1196 molendinum
1417 1131 1457 1194 de

414 1231 588 1318 Haddeley
609 1233 645 1296 in
668 1231 927 1322 Ambresley,'et
950 1229 1101 1298 funditus
1125 1239 1251 1298 novum
1282 1233 1457 1320 reparavit,

412 1337 499 1422 quod
524 1335 726 1400 modo'valet
748 1335 850 1422 triplo
872 1335 1045 1420 plusquam
1067 1335 1158 1424 prius
1172 1337 1289 1416 valuit,
1313 1345 1463 1422 quum'a

410 1439 555 1526 ternpore
578 1437 780 1504 fundationis
806 1459 874 1504 suae
896 1439 987 1524 prius
1002 1441 1087 1502 esset
1114 1439 1156 1502 ad
1178 1439 1315 1504 firmam.
1354 1437 1455 1502 'Reti-

410 1543 486 1606 nuit
509 1541 609 1604 etiam
627 1539 663 1604 in
678 1541 825 1626 proprios
846 1561 925 1606 usus
946 1541 1170 1606 molendinum
1187 1541 1231 1606 de'
1242 1533 1455 1626 Wykewane

410 1645 501 1730 cujus
538 1665 699 1730 possessor
734 1629 936 1708 moriebatur
971 1647 1118 1734 tempore
1155 1667 1219 1730 quo
1234 1651 1235 1654 ’
1251 1665 1310 1708 rex
1338 1643 1455 1708 habuit

293 1755 296 1760 ’
409 1747 591 1812 custodiam
613 1743 762 1810 abbatiae.
809 1745 911 1810 Dedit
933 1751 1047 1810 tamen
1077 1745 1146 1832 regi
1180 1747 1346 1832 quandam
1369 1769 1455 1810 sum-

408 1871 494 1916 mam
517 1849 676 1936 pecunia,
695 1847 737 1912 ne
770 1847 916 1912 traderet
945 1847 1034 1920 idem
1067 1847 1290 1914 molendinum
1323 1839 1457 1934 quibus-

407 1953 483 2018 dam
515 1951 571 2036 qui
587 1975 588 1978 ¹
604 1949 699 2016 illud.
718 1951 875 2036 petebant
900 1949 975 2036 jure
1009 1949 1226 2028 haereditario.
1288 1949 1455 2016 Concessit

407 2057 506 2118 etiam
530 2045 695 2120 ecclesiam
717 2053 757 2118 de
773 2051 924 2118 Mortone
947 2051 984 2116 in
1006 2055 1154 2140 proprios
1176 2075 1254 2118 usus
1277 2055 1318 2118 ad
1341 2053 1455 2134 sacris-

406 2157 589 2234 tardando
609 2177 675 2240 qua
697 2155 831 2220 sacrista
854 2155 944 2240 prius
966 2155 1084 2220 habuit
1098 2159 1229 2220 tantum
1246 2161 1313 2220 tres
1333 2155 1455 2222 solidos

333 2251 334 2254 ¹
406 2257 586 2324 annuatim.
641 2257 744 2322 Dedit
762 2257 888 2322 :tamen
919 2279 977 2342 pro
1011 2259 1097 2324 bono
1131 2257 1218 2344 pacis
1241 2263 1306 2324 tres
1330 2279 1453 2324 marcas

406 2363 445 2428 de
470 2361 600 2426 camera
618 2361 790 2426 annuatim
824 2359 953 2424 cuidam
987 2361 1101 2426 clerico
1134 2359 1260 2426 domini
1281 2361 1374 2446 regis,
1400 2359 1452 2424 cui
1492 2365 1493 2368 ’

297 2465 299 2474 ²
404 2487 464 2530 rex
485 2465 620 2528 dederat
642 2463 834 2528 beneficium
857 2461 974 2548 siquod
989 2469 1120 2528 vacaret
1134 2469 1280 2548 tempore
1296 2461 1464 2528 custodiae'

405 2567 530 2632 domini
563 2565 648 2652 regis
668 2567 729 2640 'de'
755 2565 897 2630 abbatia.
945 2565 1015 2630 Iste
1046 2565 1150 2630 ctiam
1185 2565 1287 2636 abbas
1309 2567 1449 2630 secundo

404 2693 490 2734 anno
512 2663 747 2734 installationis
780 2691 847 2732 suae
882 2667 1040 2732 satisfecit
1063 2669 1213 2734 omuibus
1236 2669 1451 2734 creditoribus
1526 2695 1528 2708 ·

403 2777 438 2836 et
460 2771 581 2836 clericis
603 2769 818 2858 pensionariis
842 2771 882 2834 de
897 2771 1083 2856 praeteritis,
1099 2791 1202 2856 usque
1225 2771 1267 2836 ad
1289 2765 1449 2838 summam
1531 2841 1533 2844 ,

403 2873 603 2960 septuaginti
626 2895 816 2948 marcarum,
833 2873 989 2936 Romanis
1011 2879 1124 2936 tamen
1147 2873 1362 2938 creditoribus
1383 2897 1450 2938 non

360 2961 361 2966 ἵ
401 2977 559 3042 satisfecit
581 2997 619 3040 eo
641 2997 736 3040 anno.
782 2975 874 3038 Fecit
896 2975 995 3062 etiam
1019 2975 1055 3040 in
1075 2963 1156 3038 'navi
1178 2975 1318 3040 ecclesiae
1346 2977 1449 3042 altare
1514 3025 1517 3032 s

403 3069 524 3144 sancta
540 3077 652 3158 crucis,
669 3077 874 3164 superposito
897 3077 927 3140 ei
950 3077 1060 3162 lapide
1083 3093 1272 3154 marmoreo,
1288 3083 1321 3142 et
1346 3081 1451 3144 crexit

401 3203 497 3266 super
520 3181 605 3244 illud
634 3179 801 3266 egregiam
831 3199 957 3242 crucem
982 3175 1062 3244 Dci¹
1097 3179 1296 3266 imaginibus
1328 3189 1449 3248 sauctae

403 3285 518 3350 llariae
540 3289 576 3348 et
596 3283 702 3346 sancti
716 3281 740 3344 J
741 3281 886 3346 ohannis.
932 3281 1026 3346 Fecit
1048 3281 1149 3346 etiam
1172 3303 1271 3356 unam
1295 3271 1335 3348 de
1351 3285 1450 3352 voltis

399 3387 542 3452 ecclesia
580 3391 667 3450 retro
705 3383 824 3450 ostium
863 3383 1075 3470 processionis
1096 3375 1154 3448 ¹de
1193 3385 1343 3452 claustro.
1404 3389 1448 3454 Et

373 3513 503 3578 xquum
536 3489 638 3554 abbas
661 3485 879 3572 Rondulphus
902 3485 1030 3552 fecisset
1065 3485 1243 3572 simplicem
1264 3475 1448 3556 thalamum

396 3593 497 3678 juxta
533 3591 643 3656 aulam
671 3579 813 3668 abbatis,
844 3587 908 3654 iste
946 3589 1047 3654 abbas
1085 3595 1125 3656 ut
1163 3593 1246 3656 esset
1284 3591 1448 3658 thalamus

398 3715 541 3782 congrue
575 3691 774 3770 habitabilis,
809 3691 963 3776 apposuit
981 3707 1039 3758 'ex
1076 3715 1143 3780 una
1164 3697 1270 3780 parte
1302 3693 1446 3780 ejusdem

399 3797 538 3860 thalami
561 3793 716 3880 capellam
750 3797 783 3858 et
817 3793 947 3858 subtus
967 3815 1038 3860 eam
1061 3795 1186 3860 voltam
1213 3795 1379 3882 optimam,
1413 3805 1447 3862 et

400 3921 444 3962 cx
474 3899 578 3962 altera
609 3901 703 3982 parte
737 3895 877 3960 thalami
909 3897 1067 3982 optimam
1101 3897 1190 3962 domi
1223 3899 1445 3966 necessariam.

349 4085 350 4088 Ἴ
401 4001 552 4064 Suffulsit
585 3999 686 4064 etiam
708 3997 814 4082 ipsam
837 3999 948 4062 aulam
982 4021 1073 4064 arcu¹
1092 3999 1230 4086 lapideo.
1276 4001 1321 4064 Et
1344 4025 1446 4088 quum

398 4103 549 4176 incendio
581 4097 745 4166 amisisset
767 4099 879 4164 decem
899 4137 904 4172 ς
914 4121 1013 4184 equos
1027 4117 1029 4120 ’
1044 4123 1118 4166 suos
1136 4101 1301 4174 meliores
1324 4109 1362 4168 et
1380 4105 1446 4170 alia

335 4273 340 4286 q
397 4205 442 4268 ad
461 4225 621 4270 summam
644 4207 774 4268 centum
795 4201 954 4268 librarum
976 4203 1065 4270 intra
1081 4195 1267 4286 Batonem,
1283 4205 1349 4272 cito
1372 4213 1449 4292 post

396 4309 520 4372 annum
542 4311 700 4392 reparatae
733 4309 812 4380 sunt
834 4305 952 4370 domus
983 4307 1053 4372 loco
1077 4307 1322 4372 combustarum
1344 4311 1444 4396 triplo

395 4409 545 4472 meliores
568 4429 667 4492 quam
690 4411 784 4472 erant
806 4407 937 4494 priores.
985 4409 1080 4474 Fecit
1101 4409 1201 4474 etiam
1224 4411 1312 4496 apud
1330 4409 1445 4498 Somp·

394 4509 498 4574 burne
522 4515 556 4574 et
579 4509 669 4596 apud
685 4509 837 4576 Mortone
860 4511 974 4574 domos
997 4509 1077 4576 satis
1099 4511 1296 4592 habitabiles
1312 4515 1444 4598 quando

602 4645 677 4652 1——

749 4701 758 4730 ¹
776 4697 841 4766 Der]
854 4715 903 4752 om.
917 4681 989 4752 Harl
1002 4703 1076 4752 3763.
1097 4675 1098 4678 ¹
