3300 5666
254 821 255 824 ’
333 815 397 878 tlt
523 821 732 884 ,eunouteou
748 815 912 868 'ABBATIAE
935 815 981 866 ns
1004 815 1174 870 nussum.

167 1011 453 1094 A.D.12m.pentur
468 1009 501 1070 et
516 1001 704 1092 gaudeant.1
750 999 856 1064 Erant
880 997 1002 1064 ibidem
1019 1005 1100 1064 tunc
1123 1001 1158 1064 et
1180 999 1236 1064 elii
1260 997 1375 1064 iratres

332 1109 492 1176 hebentes
522 1109 628 1172 zelum
659 1105 723 1170 Dei
755 1101 932 1168 secundum
965 1101 1145 1182 scientiam,
1170 1103 1314 1166 zelantes
1337 1103 1377 1166 li-

332 1211 494 1272 bertntem
509 1207 594 1272 sicut
617 1209 722 1294 legem
749 1205 897 1284 Phinees,
921 1205 1058 1270 scientes
1073 1205 1161 1290 quod
1175 1205 1311 1270 libertus
1326 1227 1377 1270 res

333 1315 382 1378 cst
406 1311 652 1388 inaestimebilis¹
677 1309 734 1396 qui
755 1313 888 1398 propter
910 1329 948 1374 eu
971 1329 1043 1396 quee
1066 1307 1262 1374 audiverunt
1286 1307 1377 1394 quasi

368 1623 374 1652 ¹
388 1623 426 1672 At
436 1623 478 1672 the
497 1623 550 1672 ieet
560 1623 590 1672 oi
605 1623 654 1672 this
671 1637 733 1688 page
744 1625 775 1672 ci
791 1623 832 1674 the
856 1621 858 1676 Ι
882 1631 896 1652 “
914 1629 996 1686 optato
1015 1623 1092 1674 sidere
1108 1623 1193 1674 nubila
1211 1631 1294 1674 nostra
1309 1623 1382 1672 inter·

333 1701 389 1752 MS.
412 1703 432 1750 is
460 1703 565 1760 inserted
592 1703 618 1748 in
656 1703 764 1764 another,
790 1703 834 1750 but
856 1693 858 1742 Ι
882 1709 896 1730 “
914 1703 1002 1766 peiere.
1037 1703 1094 1754 Huc
1113 1703 1212 1754 veniant
1232 1703 1296 1762 fessi,
1316 1703 1381 1764 rogi·

334 1781 419 1844 nearly
440 1789 680 1844 contemporaneous,
700 1781 767 1830 hand
793 1781 834 1830 the
883 1787 898 1812 “
915 1789 966 1832 tent
978 1781 1112 1832 discrimini
1124 1783 1185 1848 (sic)
1194 1777 1276 1846 pressi.
1296 1771 1382 1832 Omni·
1409 1797 1412 1806 ¹

335 1859 464 1922 following
472 1863 541 1910 letter
549 1859 612 1910 irem
622 1863 695 1910 ebbot
704 1859 848 1924 Reginnld,
872 1867 899 1906 .“
915 1865 962 1910 bus
990 1861 1041 1924 ipse
1063 1863 1142 1910 bonus
1166 1859 1290 1910 nllevinbis
1313 1875 1383 1910 onus.

336 1939 432 2000 (whose
440 1947 534 1990 contest
543 1937 602 1988 with
611 1937 705 2000 Simon,
712 1939 798 2000 bishop
810 1939 840 1988 ci
885 1943 899 1968 “
917 1939 978 1988 Vite
995 1937 1063 1986 debit
1081 1937 1203 1998 merituri,
1220 1937 1298 2002 fugiet
1317 1941 1384 1990 fraus

335 2019 482 2078 Worcester‚
499 2019 634 2082 respecting
651 2021 693 2066 the
709 2017 837 2084 privileges
886 2025 900 2050 “
918 2033 1020 2082 qunque
1031 2015 1154 2080 peritum,
1177 2017 1230 2066 Nec
1249 2019 1305 2068 laedi
1317 2025 1385 2084 pote-

338 2099 386 2148 aud
415 2099 566 2162 exemptione
594 2097 624 2146 oi'
641 2097 682 2146 the
711 2099 789 2162 abbey
817 2099 837 2146 is
885 2099 949 2156 “rit
971 2097 1013 2160 qui
1029 2095 1074 2146 tibi
1091 2097 1149 2146 iisne
1168 2097 1218 2146 erit.
1234 2157 1235 2160 Ἴ
1253 2099 1386 2148 Altemtrae

338 2175 435 2224 noticed
459 2183 483 2224 at
511 2191 534 2238 p.
557 2177 609 2234 99,)
629 2181 654 2222 to
677 2173 716 2222 his
741 2177 837 2224 famous
887 2171 966 2220 “litis
1012 2171 1144 2234 compescis
1187 2171 1269 2236 jurgia
1311 2171 1385 2222 mitis,

338 2255 454 2302 kiusman
485 2255 574 2302 h'oliot.
626 2253 662 2300 Its
684 2253 767 2318 turgid
790 2255 838 2302 aud
887 2251 1040 2312 “Quemvis
1062 2267 1134 2300 causa
1154 2259 1245 2312 gravet,
1268 2265 1323 2314 pars
1341 2251 1386 2298 tibi

341 2333 442 2384 affected
455 2333 516 2396 style
527 2333 548 2380 is
559 2333 600 2380 the
611 2345 725 2380 common
741 2331 803 2380 fault
814 2329 844 2380 oi'
888 2337 902 2360 “
920 2345 1022 2396 quaeque
1039 2329 1110 2380 iavet
1145 2329 1228 2390 Quum
1239 2331 1314 2394 igitur
1332 2343 1386 2392 pre·

341 2411 372 2462 its
390 2411 482 2474 period,
493 2411 538 2462 but
555 2411 575 2460 it
590 2425 711 2474 possesses
726 2425 773 2460 one
791 2409 839 2458 sin·
888 2417 903 2440 “
920 2411 982 2462 tium
993 2411 1023 2460 de
1038 2409 1125 2474 peritis
1144 2409 1254 2460 habeatis
1275 2417 1301 2458 ut
1320 2417 1386 2462 reete

342 2493 412 2552 gulur
431 2489 574 2552 peculiarity
596 2489 621 2534 in
640 2489 736 2552 having
759 2489 839 2538 efen

342 2567 405 2616 lines
432 2567 528 2616 written
555 2567 580 2616 in
614 2569 693 2630 rough
724 2567 840 2632 rhyming

286 2667 287 2670 ¹
343 2663 418 2706 verse,
446 2647 564 2712 although
598 2649 715 2710 arranged
743 2649 777 2712 by
799 2647 840 2698 the

344 2727 421 2776 scribe
431 2725 457 2774 in
470 2741 540 2788 prose
551 2727 621 2774 order
626 2743 666 2774 2-
783 2733 786 2740 '

377 2809 392 2834 “
410 2803 519 2854 Domino
560 2805 700 2854 medullitus
746 2805 840 2862 dilecto,

344 2891 359 2914 “
378 2885 512 2950 G[ilberto‚
558 2899 592 2932 sc.
631 2885 727 2948 Foliot]
761 2885 842 2934 abbati

346 2969 360 2992 “
382 2963 579 3028 [Glcucestriec3
614 2963 719 3012 inserted
766 2963 841 3026 nster-

346 3037 368 3068 “'
379 3041 484 3104 words],
503 3041 575 3090 frater
596 3037 747 3104 Reginaldus
770 3043 844 3092 abbas

347 3125 361 3148 “
378 3119 541 3180 liveshamire,
554 3135 653 3182 germen
665 3119 747 3168 odoris
762 3119 843 3168 lsrael.

346 3201 360 3224 ‘⁶
379 3197 533 3246 Hebeteduni
561 3211 622 3246 meae
657 3197 751 3260 imputo
779 3197 845 3260 quod

338 3279 362 3306 '⁶‘
380 3275 450 3326 vobis
473 3275 567 3338 parcius
590 3275 723 3338 innotesce,
743 3275 800 3326 licet
823 3283 846 3326 ct

348 3359 362 3384 “
379 3355 501 3404 hebetudo
520 3369 598 3416 perse
614 3353 684 3404 citius
703 3353 845 3404 innotescat.

349 3439 363 3462 “
382 3435 474 3500 Lippus
490 3433 547 3482 solis
566 3433 655 3496 jubere
674 3435 786 3494 delector,
802 3449 847 3482 nec

349 3517 363 3538 ‘⁶
383 3515 440 3562 solis
452 3513 540 3562 vitium
553 3521 588 3562 est
599 3513 846 3576 pruvitusoculormn.

350 3593 364 3620 ‘⁶
382 3593 495 3642 Mentem
513 3593 564 3642 sole
584 3593 731 3642 illustratum
751 3593 847 3656 aspicie,

350 3673 364 3698 “
383 3671 424 3722 seu
435 3667 501 3734 aeger
519 3673 603 3734 procul
615 3673 690 3722 solem
708 3671 849 3736 campestria

888 2495 903 2518 “
921 2489 1030 2552 dirigetis
1048 2497 1071 2538 et
1088 2505 1163 2552 prava
1179 2489 1305 2552 corrigetis
1322 2487 1388 2536 etin

889 2573 903 2598 “
921 2569 1035 2618 omnibus
1043 2567 1208 2618 auctoritatem
1215 2567 1331 2624 habentis,
1337 2581 1389 2616 me·

890 2653 903 2676 ‘⁴
921 2647 1021 2696 minissc
1032 2663 1077 2696 vos
1096 2647 1170 2696 hbeat
1181 2647 1296 2696 avunculi
1315 2647 1389 2696 vestri

889 2733 904 2756 ‘⁶
922 2741 966 2776 vos
979 2741 1051 2774 earne
1070 2735 1095 2776 et
1112 2725 1198 2788 spiritu
1214 2741 1264 2788 pree
1276 2725 1390 2776 omnibns

890 2809 904 2834 “
923 2805 1053 2868 diligentis,
1065 2805 1198 2854 scilicetne
1209 2805 1299 2854 veritus
1311 2819 1390 2854 causus

891 2889 906 2912 “
923 2891 1020 2944 nostroe,
1038 2893 1089 2932 tam
1109 2883 1215 2948 antiquis
1234 2893 1257 2934 et
1276 2885 1391 2948 probabi-

891 2967 905 2990 “
923 2963 987 3012 libus
998 2963 1156 3016 munimentis
1173 2965 1242 3024 fulta,
1253 2963 1392 3014 voluntario

892 3047 906 3072 “
925 3045 963 3092 vel
984 3043 1075 3094 cesueli
1091 3045 1187 3106 judicio
1206 3043 1311 3094 vacillet.
1346 3045 1392 3092 Ju-

893 3125 1011 3172 “ventes
1031 3139 1077 3172 nos
1096 3125 1186 3172 veritus
1205 3123 1311 3184 juvabit,
1335 3121 1392 3186 quia

894 3201 1042 3266 “‘quicquid
1059 3209 1144 3250 contra
1160 3217 1206 3252 nos
1217 3201 1299 3252 aemuli
1316 3193 1393 3250 nostri

894 3285 908 3310 “
926 3281 1080 3330 emendicant
1102 3281 1220 3344 superbite
1244 3287 1267 3332 et
1295 3281 1394 3330 fraudu·

896 3363 911 3388 “
929 3359 1011 3410 lentioe
1040 3367 1083 3410 est.
1129 3361 1206 3410 Juvat
1234 3375 1279 3416 uos
1303 3375 1395 3410 enucsu

896 3437 1174 3504 “possideantque
1193 3455 1278 3504 regum
1298 3447 1321 3488 et
1340 3455 1395 3502 pro·

896 3521 910 3546 “
929 3533 1012 3568 cerum
1030 3517 1136 3578 celiane,
1153 3527 1206 3566 tum
1224 3519 1328 3582 denique
1345 3517 1396 3566 no-

897 3601 912 3626 “
929 3611 1003 3646 manu
1031 3595 1183 3656 conscriptio.
1234 3597 1321 3646 Romus
1358 3611 1398 3644 me

899 3683 912 3706 ‘⁴
931 3691 1003 3726 nemo
1025 3673 1196 3738 interpellavit,
1215 3689 1298 3724 coram
1316 3677 1398 3740 iegato

350 3755 364 3778 “
381 3751 525 3800 revisentem
557 3751 674 3816 opperior.
726 3751 850 3814 Quorsum

350 3833 364 3858 ‘⁶
381 3833 453 3880 haec?
488 3831 556 3880 Dum
567 3839 678 3882 nostrum
689 3833 757 3882 triste
768 3833 851 3880 vivere

899 3761 913 3784 “
931 3757 1014 3804 nullus
1033 3753 1170 3818 appellavit,
1193 3755 1236 3818 qui
1259 3771 1352 3818 semper
1372 3755 1397 3802 in

900 3839 914 3864 “
932 3835 1013 3898 polam
1031 3833 1095 3884 veni.
1140 3833 1207 3900 Quid
1227 3851 1266 3884 me
1283 3843 1346 3884 retro
1364 3837 1399 3884 le·

351 3913 364 3938 ‘⁶
384 3911 490 3974 deploro,
512 3913 607 3976 gaudee
620 3911 731 3960 Tullium
752 3911 779 3960 iu
797 3911 852 3960 haec
901 3919 915 3942 “
933 3913 1051 3964 cessent?
1086 3913 1217 3980 Wigornia
1238 3931 1282 3964 nos
1302 3915 1400 3964 collibe-

351 3995 366 4018 “
383 4001 492 4054 tempora
510 3999 666 4050 reservatum,
686 3991 796 4040 Tullium
815 3991 852 4038 in·
875 3963 879 4042 Ι
900 3999 916 4022 “
933 3993 1002 4052 mles,
1014 4007 1141 4056 nunquam
1158 4007 1248 4052 servos,
1258 3993 1359 4052 hebuit;
1378 4001 1402 4042 et

352 4073 366 4096 “
385 4085 465 4136 quam,
483 4069 525 4134 qui
544 4071 629 4120 urbem
646 4067 798 4132 providentie
816 4085 852 4118 rc·
902 4077 917 4142 ‘¹‘
937 4087 990 4136 quse
1002 4087 1130 4136 nunquam
1147 4073 1305 4136 possederunt
1317 4087 1360 4122 cur
1372 4073 1401 4122 de

353 4149 490 4198 “servavit
515 4155 539 4196 et
566 4149 652 4210 peritis
675 4148 784 4210 superbis
812 4163 855 4196 ore
904 4157 1073 4214 “possessore
1109 4153 1266 4214 quaeruntur?
1317 4151 1401 4200 Libuit

353 4229 490 4276 “reclusit
536 4225 591 4280 Vos
619 4241 665 4292 ego
704 4227 855 4286 Ciceronem,
904 4229 1036 4278 “cuilibet
1058 4229 1133 4278 fidem
1160 4231 1228 4288 dare;
1257 4227 1315 4278 fecit
1338 4231 1403 4292 quod

356 4309 370 4334 ‘⁶
388 4321 433 4356 vos
453 4307 527 4356 etiam
544 4305 652 4370 rigidum
671 4303 800 4366 Catonem,
811 4321 856 4356 vos
905 4313 920 4336 “
937 4307 1022 4356 veluit.
1041 4307 1131 4356 Nescio
1141 4307 1322 4358 conscientiam
1340 4307 1406 4370 Ego,

356 4389 372 4414 “
388 4387 531 4452 Augustum
559 4385 696 4436 semiferum
740 4385 855 4446 dixerim5
906 4393 921 4418 “
938 4385 963 4434 in
981 4385 1090 4436 libertate
1109 4385 1216 4436 ecclesiae
1237 4389 1404 4446 ustus‚debe0

357 4469 372 4496 “
389 4465 502 4516 Marcum
554 4465 687 4526 severitate,
740 4465 858 4516 Catonern
905 4471 921 4496 “
938 4465 1040 4514 liberem
1059 4465 1173 4516 ancillam
1192 4465 1287 4516 iecere?
1321 4465 1407 4516 Liber-

358 4549 373 4572 “
391 4545 513 4610 requitete,
543 4545 686 4610 Augustum
714 4545 858 4610 liugalitete.
908 4551 921 4576 “
939 4551 1014 4596 tutem
1030 4553 1139 4594 nostram
1156 4547 1407 4606 sacrementdnrmis,

359 4625 522 4688 “Quumque
554 4623 594 4672 hae
627 4625 729 4676 virtutes
759 4625 859 4676 trituriee
908 4631 923 4656 “
941 4639 1023 4686 manu,
1042 4623 1128 4686 quevis
1155 4623 1258 4684 ratione,
1279 4625 1408 4674 tuebimur.

359 4707 374 4732 “
392 4703 441 4754 sint
463 4719 560 4754 morum
578 4703 657 4754 nitore
674 4707 741 4754 velut
761 4711 860 4768 argento
909 4709 924 4734 “
942 4703 1005 4754 Ute
1020 4701 1110 4750 nostris
1130 4701 1221 4766 accepi,
1232 4701 1271 4766 (S.
1284 4701 1343 4754 Joh.
1356 4703 1407 4754 viii.

359 4787 374 4812 ‘¹
392 4783 563 4852 vensiculatae,
581 4785 715 4850 gaudemus
731 4801 776 4834 vos
795 4787 861 4834 velut
911 4787 926 4814 “
944 4783 998 4848 33),
1010 4781 1118 4832 ‘nemini
1130 4779 1273 4832 servivimus
1284 4783 1410 4846 unquam?
