3300 5666
224 817 226 824 ,
325 737 335 750 ““
379 729 442 800 182
525 719 530 726 ’
578 743 960 802 onnonrcousnsenrrn
984 747 1031 802 oe
1053 743 1223 804 rvesnsn..

211 935 281 986 ΑΒ·
293 941 364 1018 12⁰ssr
380 935 531 1010 contineri,
552 947 585 998 ut
604 935 741 1006 chrisme),
763 941 860 996 oleum
872 947 1013 1008 sanctum,
1035 943 1265 998 consecrationes
1281 933 1427 1010 ultorium,

386 1029 581 1084 ordinationes
599 1025 774 1080 clericorum
792 1025 842 1094 qui
861 1025 898 1080 ed
920 1041 1016 1082 secros
1041 1027 1151 1082 fuerint
1175 1027 1290 1098 ordines
1316 1043 1429 1098 promoe,

380 1115 477 1178 vendi,
499 1125 516 1166 e
536 1121 708 1182 quocunqne
725 1109 881 1190 maluerint
906 1113 1040 1182 episcopo
1063 1113 1294 1166 communionem
1313 1111 1342 1166 et
1360 1123 1426 1182 gree

281 1267 282 1270 Ἴ
377 1199 451 1252 tiam
468 1193 635 1268 epostolicee
654 1193 731 1248 sedis
749 1191 882 1260 habente,
903 1195 1008 1250 fratres
1028 1193 1161 1270 ejusdem
1179 1195 1236 1250 loci
1255 1193 1423 1264 suscipiant,

351 1293 353 1298 ’
377 1287 484 1338 sunto
512 1285 546 1334 ut
572 1277 778 1346 Wig'ornenses
809 1277 937 1350 episcopi
963 1277 1077 1348 aliquid
1105 1275 1140 1332 ab
1169 1277 1211 1334 eis
1235 1277 1344 1348 injuste
1367 1291 1426 1336 nen

268 1369 269 1372 ’
307 1425 309 1430 y
377 1365 503 1436 exigunt,
533 1361 584 1416 sed
610 1359 657 1414 his
682 1367 795 1414 tentum
821 1361 948 1418 contenti
980 1357 1178 1434 permaneant,
1202 1373 1266 1432 quee
1290 1369 1425 1416 ‚anteces-

270 1479 273 1484 ·
377 1459 457 1504 sores
481 1461 583 1500 eornm
608 1439 840 1500 antecessoribus
860 1445 921 1502 suis
945 1451 1059 1502 constet
1074 1445 1295 1520 ¹rationabiliter
1313 1445 1423 1514 impen-

377 1531 463 1586 disse.
511 1529 548 1582 ln
575 1527 632 1580 fine
658 1537 727 1582 'vero
756 1527 945 1598 subjungitur
976 1529 1055 1598 quod
1086 1529 1167 1584 selvo
1194 1529 1233 1582 sit
1260 1529 1425 1600 spostolicae

377 1613 454 1670 sedis
473 1611 640 1676 auctoritas,
663 1621 716 1666 nec
734 1603 842 1668 dicitur
865 1613 942 1682 quod
959 1613 1118 1670 dioecesani
1142 1613 1271 1684 episcopi
1289 1613 1426 1668 canonice

377 1697 416 1754 sit
434 1697 515 1754 selvo
530 1695 664 1766 justitie3
686 1711 776 1766 quum
794 1697 826 1748 in
838 1695 1022 1752 monasteriis
1040 1711 1098 1752 non
1110 1697 1252 1766 exemptis
1265 1695 1425 1752 secundum

306 1809 308 1812 ·
377 1781 564 1852 approbetur]
590 1779 721 1834 ecclesiee
735 1781 873 1834 Romanis
888 1781 1140 1838 ,consuetudinem
1166 1779 1338 1834 dioecesanis
1365 1779 1425 1850 epi-

377 1865 471 1936 scopis
494 1863 630 1920 cononice
645 1855 762 1934 justitie
789 1869 986 1920 conservetur
1037 1865 1074 1918 In
1103 1863 1296 1934 indulgentiis
1327 1869 1424 1916 nutem

340 2017 342 2022 ι
376 1943 458 2004 bone
476 1947 624 2018 memorie
644 1945 852 2002 clementissi
871 1945 1013 2002 celestini
1037 1947 1170 2018 patenter
1194 1947 1326 2002 neuster
1348 1945 1425 2016 quod

375 2027 454 2098 idem
472 2025 636 2088 coenobium
662 2025 704 2084 ud
713 2023 948 2104 jurisdictionem
971 2031 1051 2086 beeti
1075 2031 1158 2086 Petri
1182 2031 1263 2084 nullo
1281 2029 1425 2102 pe1tineet

375 2117 531 2180 mediante,
565 2129 665 2184 quum·
681 2113 736 2170 hoc
762 2115 793 2168 in
812 2117 952 2186 prooemio
983 2105 1194 2186 preemittentes
1227 2113 1269 2168 sic
1298 2113 1425 2168 inferunt

276 2261 278 2266 Ι
376 2199 586 2266 consequenter
602 2193 668 2266 Μ
680 2195 735 2248 hec
753 2195 858 2264 itaque,
873 2187 986 2264 ratione
998 2189 1112 2248 inducti
1132 2207 1220 2252 usum
1245 2193 1424 2248 chirotheca·

349 2273 350 2278 ’
377 2281 396 2306 “
416 2291 483 2334 rum
502 2285 531 2332 et
549 2277 659 2342 unntili,
675 2267 847 2342 dalmaticae,
862 2277 980 2342 tunicae,
999 2277 1196 2332 smdnfiorum
1216 2281 1245 2332 et
1263 2277 1357 2330 mitres
1370 2271 1425 2330 tibi

378 2363 397 2390 “
417 2363 553 2416 duximus
580 2351 825 2416 concedendum
863 2361 920 2414 Per
938 2359 971 2414 id
989 2357 1060 2432 ergo
1080 2357 1329 2432 quodpusto'rulis
1353 2373 1424 2414 curu

374 2447 464 2502 totius
484 2447 586 2500 domus
606 2449 635 2500 et
653 2437 783 2500 ecolesiae
802 2457 890 2516 penes
909 2445 1044 2500 ebbetem
1063 2441 1423 2500 solummodo'decernitnr

374 2543 553 2600 permonere,
573 2527 648 2582 illud
667 2527 844 2582 dilucidetur
869 2521 906 2582 cb
924 2521 1094 2582 Innocentio
1113 2529 1191 2598 quod
1208 2527 1296 2582 fuerit
1314 2545 1332 2582 e
1349 2525 1423 2580 Ocn-

374 2607 501 2668 stcntinc
532 2617 696 2680 statutum,
714 2617 749 2666 ut
763 2617 764 2622 ’
779 2607 919 2682 videlicet
948 2611 1028 2666 idem
1056 2611 1139 2668 locus
1170 2607 1224 2668 sub
1256 2609 1423 2666 monarchis

372 2695 485 2768 proprii
515 2695 627 2750 ubbutis
655 2695 732 2750 liber
762 2695 876 2750 existet.
926 2685 1013 2750 Unde
1043 2713 1134 2764 quum
1165 2695 1319 2766 pastoralis
1352 2709 1423 2748 curu

319 2814 324 2821 ·
370 2779 460 2834 totius
483 2777 585 2832 domus
614 2785 643 2832 et
671 2771 802 2832 ecclesiae
832 2791 921 2850 penes
950 2777 1085 2834 ebbetcm
1112 2779 1294 2836 solummodo
1319 2779 1431 2834 debeat
1490 2769 1491 2772 ¹

323 2935 324 2938 Ἴ
371 2875 552 2934 permanere,
573 2865 654 2932 potet
671 2859 894 2930 profectoquod
907 2853 1061 2932 episcopus
1073 2863 1250 2932 pastoralem
1262 2861 1305 2916 ibi
1321 2879 1422 2918 curem

299 2945 305 2956 '
370 2957 504 3000 exercere
529 2959 587 2998 non
612 2941 707 3008 debet,
737 2961 828 3012 quum
854 2949 883 2998 et
909 2945 997 2998 ebbos
1016 2939 1097 3000 illius
1123 2945 1180 3000 loci
1206 2945 1314 3016 absque
1343 2945 1422 3000 omni

369 3029 517 3086 exactione
536 3027 612 3080 infru
632 3043 714 3080 suem
734 3021 888 3082 ecclesium
908 3027 1013 3082 debeat
1027 3023 1169 3094 benedici,
1188 3021 1268 3084 unde]
1284 3047 1337 3084 nec
1354 3043 1420 3100 pro·

369 3113 459 3168 fessio
476 3125 530 3164 nec
549 3109 714 3164 obedientie
726 3105 812 3166 debet
824 3111 860 3166 eb
874 3111 927 3166 illo
946 3113 1067 3182 requiri.
1106 3111 1182 3180 Quis
1199 3131 1269 3170 vero
1289 3113 1421 3184 quaedem

271 3255 272 3258 ,
369 3195 405 3250 'ed
430 3191 609 3266 pastoralem
634 3191 851 3264 solicitudinem
877 3195 1056 3266 'pertinentis
1078 3209 1131 3266 per
1156 3207 1187 3250 se
1211 3197 1308 3266 ipsum
1332 3197 1419 3252 ebbus

368 3289 501 3344 exercere
519 3289 578 3330 non
594 3281 701 3346 potest,
721 3281 755 3332 ut
771 3277 845 3332 nihil
865 3277 894 3332 ei
917 3277 993 3334 desit
1016 3279 1094 3350 quod
1111 3271 1256 3350 pertineat
1274 3281 1310 3334 ed
1328 3279 1419 3350 pleni-

368 3361 499 3416 tudinem
516 3357 672 3426 libertatis,
692 3355 860 3416 conceditur
876 3353 924 3416 illi
941 3363 977 3416 eb
988 3359 1155 3418 Alexandro
1173 3369 1207 3418 ut
1224 3359 1421 3418 ecclesiastice

368 3449 549 3500 sacramente
572 3439 666 3498 libere
692 3443 837 3514 percipias
862 3455 879 3498 e
905 3457 1089 3518 quocumque
1115 3441 1255 3500 moluerit
1285 3447 1419 3518 episcopo

367 3527 599 3582 communionem
624 3531 654 3582 et
679 3527 805 3596 gretiam
824 3527 989 3598 apestolicce
1016 3523 1094 3584 sedis
1121 3527 1254 3584 hebentes
1300 3529 1358 3584 Per
1388 3529 1419 3582 id

264 3667 265 3670 ,
367 3617 465 3666 eutem
485 3609 561 3682 quod
579 3609 658 3662 idem
676 3609 756 3666 locus
776 3605 918 3666 essenon
935 3611 973 3666 ed
987 3611 1224 3682 jurisdictionem
1241 3607 1320 3668 beeti
1337 3613 1419 3668 Petri

368 3693 548 3750 solummodo
567 3687 723 3764 pertinere,
749 3689 826 3750 dicct
845 3687 984 3768 innuitur
995 3695 1026 3750 in
1044 3695 1236 3766 indulgentiis
1259 3695 1418 3752 Clementis

368 3783 397 3834 et
416 3771 566 3842 Gelestini,
591 3769 709 3832 videtur
727 3773 803 3832 illud
825 3773 1008 3834 manifestius
1033 3779 1220 3844 declaratum,
1242 3775 1320 3850 quod
1345 3775 1418 3836 Gon·

368 3861 511 3918 etentinus
530 3873 605 3932 pepe
623 3859 730 3938 dicitur
748 3859 846 3916 locum
868 3861 967 3932 ipsum
989 3855 1119 3918 libertati
1144 3863 1275 3930 donasse,
1295 3865 1418 3920 tutelam

368 3943 499 4016 ejusdem
516 3937 750 3998 Brittannierum
768 3943 887 4016 primeti
903 3951 1042 4016 tunquam
1061 3941 1171 4010 vicario
1190 3947 1301 4004 suove]
1320 3947 1417 4020 legato

367 4027 561 4082 committens
599 4025 691 4082 Porro
706 4025 737 4080 in
757 4025 915 4100 priuilegio
928 4027 1113 4084 Constantini
1125 4029 1265 4100 quiddam
1277 4031 1417 4088 contineri

365 4111 542 4184 perspicitur
556 4121 610 4182 per
629 4109 706 4182 quod
724 4109 983 4168 idem·coencbinm
995 4111 1113 4166 ”videtur
1131 4107 1168 4168 ed
1182 4109 1417 4184 jurisdictionem

365 4189 495 4266 episcopi
522 4193 679 4264 pertinere,
707 4193 846 4252 vicelicet
873 4197 1022 4252 crabbus
1052 4191 1185 4268 ejusdem
1214 4197 1271 4252 loci
1289 4199 1416 4270 primum

365 4277 461 4334 locuni
479 4281 546 4350 post
562 4277 737 4338 Wictiorurn
756 4277 915 4348 praesulenr
938 4291 1053 4352 semper
1078 4279 1215 4346 obtineat,
1230 4281 1306 4336 unde
1325 4295 1416 4352 quum

302 4365 303 4368 ’
364 4361 461 4416 locum
477 4361 570 4414 istum
597 4359 727 4414 obtinere
751 4377 810 4416 non
836 4363 929 4434 possit
955 4361 987 4438 in
1013 4361 1145 4440 generali
1169 4365 1301 4430 concilio,
1321 4381 1415 4436 neque

364 4441 546 4514 provinciali,
579 4443 717 4514 quonium
740 4445 882 4500 absonum
909 4451 987 4502 esset
1012 4451 1047 4502 ut
1073 4447 1163 4518 abbus
1193 4447 1321 4520 primum
1351 4453 1416 4520 post

364 4525 450 4580 illum
477 4541 565 4598 super
592 4525 664 4582 elios
692 4525 842 4598 episcopos
869 4529 1021 4594 resideret,
1041 4529 1219 4600 relinquitur
1244 4547 1314 4604 ergo
1338 4529 1416 4604 quod

364 4607 462 4664 locum
486 4609 577 4664 istum
601 4607 633 4664 in
663 4609 821 4684 episcopali
846 4613 956 4684 synodo
982 4607 1166 4686 intelligetur
1189 4613 1296 4670 hebere
1326 4631 1415 4686 quere
