3308 5666
338 771 380 836 10
546 795 747 846 ossouroor
772 793 924 844 assurin
950 797 995 844 ns
1019 795 1188 846 nvnssnn

742 1135 870 1200 Lsorro
885 1111 986 1202 VIII.

162 1313 242 1382 Am,
256 1335 311 1384 703,
385 1301 526 1370 Gavisus
548 1301 662 1388 itaque
684 1303 736 1368 vir
768 1309 898 1368 sanctus
922 1303 1101 1390 superbis,
1125 1301 1291 1368 intellexit
1322 1325 1389 1370 esse

176 1383 296 1514 ξξθᾶθὲ·
341 1405 463 1472 divinae
500 1399 684 1470 voluntatis
722 1411 760 1470 ut
798 1405 887 1472 iocus
911 1407 994 1492 ipse
1033 1405 1096 1470 Dei
1135 1397 1277 1488 cultibus
1316 1401 1389 1470 oon·

175 1481 297 1580 planiae
341 1513 524 1572 servaretur
560 1513 600 1572 et
633 1505 862 1594 propitiationi
902 1509 1094 1576 saeculorum
1133 1507 1242 1596 Ipsius
1280 1505 1387 1574 beatae

177 1581 330 1712 ffl‘gdffir·
343 1609 500 1674 Genitrioi
531 1613 779 1676 consecraretur.
825 1609 971 1676 Vorerat
1003 1611 1090 1676 enim
1121 1611 1161 1674 ab
1194 1611 1271 1676 olim
1302 1611 1389 1676 inter

176 1701 260 1780 'gin'
341 1713 448 1778 varias
471 1713 724 1796 temptationum
757 1713 933 1800 angustiae,
960 1713 987 1778 si
1014 1713 1176 1778 Dominus
1201 1735 1389 1800 prosperum

341 1815 461 1880 faceret
485 1815 681 1880 desiderium
706 1835 809 1896 suum,
833 1815 1073 1880 aedfficaturum
1095 1841 1129 1882 se
1144 1817 1391 1884 Domino'tem-

343 1919 453 2002 plurn3
476 1919 572 2000 unde,
600 1919 696 1982 modo
720 1925 835 1984 nactus
859 1919 965 1984 locum
987 1923 1082 1984 tanto
1108 1919 1230 1984 indicio
1253 1941 1272 1982 a
1295 1919 1392 1984 beata

345 2021 448 2084 Maria
472 2021 690 2106 praelectum,
712 2021 783 2086 Deo
808 2027 841 2086 et
866 2021 929 2106 ipsi
949 2021 1013 2086 Dei
1030 2021 1189 2086 Genitrici
1205 2021 1247 2084 ad
1267 2021 1394 2086 solves-

345 2123 424 2186 dum
455 2129 569 2188 votum
602 2123 740 2186 eundem
771 2123 943 2210 deputavit
973 2123 1087 2188 locum.
1149 2123 1263 2208 Ipsum
1293 2119 1395 2208 igitur

346 2225 493 2310 protinus
522 2225 725 2306 emundavit,
743 2247 823 2312 opus
839 2249 858 2288 a
874 2225 944 2292 Deo
968 2227 1201 2312 praesignatum
1226 2225 1394 2292 inchoavit

348 2333 381 2390 et
416 2329 566 2392 decenter
597 2327 640 2390 ad
669 2327 767 2392 finem
798 2327 962 2416 perduxit,
995 2327 1251 2414 possessionibus
1293 2327 1393 2392 etiam

348 2429 462 2494 multis
492 2451 512 2492 a
541 2429 672 2516 regibus
716 2431 846 2516 Angliae
888 2429 1072 2516 impetratis
1115 2431 1254 2494 eundem
1288 2429 1396 2496 locum

350 2531 481 2596 ditavit.
527 2531 657 2598 Modico
682 2537 757 2618 post
780 2533 841 2598 hoo
856 2539 1012 2618 tempore,
1031 2531 1203 2598 Kenredus
1226 2555 1286 2596 rex
1307 2533 1398 2596 Mer„

294 2645 295 2650 ’
352 2633 484 2714 ciorum,
500 2657 587 2700 anno
602 2633 755 2700 videlicet
779 2637 895 2720 quinto
911 2635 1004 2722 regni
1019 2637 1079 2716 sui,
1097 2641 1130 2702 et
1146 2635 1221 2700 offa
1244 2657 1305 2700 rex
1325 2633 1398 2698 Ori-

184 2749 342 2822 ngsngoes
353 2739 510 2802 eutalium
535 2737 713 2818 Saxonum,
738 2723 877 2804 Romam
893 2739 941 2804 ire
956 2745 1137 2824 pergentes,
1154 2739 1297 2804 coenobii
1313 2739 1400 2824 quod

185 2823 302 2944 &iffi
353 2845 541 2904 construere
550 2845 716 2924 coeperant
731 2845 897 2924 auctorem
905 2841 1039 2906 beatum
1049 2841 1245 2928 Ecgwinum
1260 2847 1293 2906 et
1310 2863 1400 2928 mag-

186 2951 263 3024 kings
355 2965 432 3008 nam
454 2943 582 3008 itineris
606 2945 658 3008 sui
680 2965 818 3024 oausam,
841 2945 947 3010 veluti
970 2949 1088 3010 testem
1121 2949 1190 3010 tam
1221 2945 1401 3010 manifestae

188 3019 314 3142 ἓξὲῗὸᾗῇ
356 3027 549 3110 ostensionis
562 3047 668 3112 beatae
678 3029 825 3132 Virginis
841 3047 963 3126 Mariae,
975 3047 1098 3112 socium
1113 3047 1260 3132 ejusdem
1274 3047 1402 3112 itineris

190 3153 258 3208 Am.
273 3163 328 3210 ros.
356 3147 419 3212 sibi
445 3149 640 3212 acciverunt.
680 3147 780 3214 Hunc
795 3171 880 3224 vero
903 3149 1048 3214 laborem
1077 3149 1194 3214 beatus
1223 3149 1402 3236 Ecgwinus

356 3249 460 3314 libens
476 3251 587 3330 subiit,
598 3255 637 3314 ut
653 3251 786 3316 ecclesia
797 3273 895 3336 quam
908 3257 1117 3318 exstruxerat
1133 3275 1152 3316 a
1165 3253 1314 3318 Romano
1326 3275 1402 3338 pon·

357 3353 444 3418 tifice
461 3353 682 3418 omnimodam
698 3353 886 3418 libertatem
902 3355 943 3418 ab
960 3355 1182 3440 episcoporum
1204 3355 1404 3440 subjectione

358 3455 527 3520 obtineret.
575 3455 670 3532 Quod
685 3459 719 3520 et
742 3455 811 3542 ipse
833 3455 1006 3520 Kenredus
1021 3477 1088 3534 rex,
1106 3457 1148 3518 ad
1169 3479 1266 3542 quem
1277 3457 1332 3542 jus
1348 3479 1404 3542 pa·

357 3561 508 3622 tronatus
540 3557 685 3644 ejusdem
716 3559 855 3624 ecclesiae
886 3559 1080 3644 pertinebat,
1106 3557 1303 3624 omnimodis
1333 3581 1405 3644 pro-

359 3659 499 3726 curabat.
545 3659 654 3744 Igitur
677 3659 815 3726 Romam
830 3661 933 3726 amica
948 3661 1075 3726 itineris
1091 3661 1244 3724 societate
1260 3661 1403 3746 profecti,

361 3785 468 3828 coram
485 3783 610 3826 summo
627 3761 781 3846 pontifice
806 3761 1032 3842 Constantino,
1050 3761 1107 3848 qui
1122 3767 1203 3828 tunc
1219 3763 1406 3850 apostolicae

362 3865 430 3930 sedi
469 3863 673 3950 praesidebat,
715 3887 826 3932 causas
868 3865 996 3930 itineris
1033 3865 1085 3930 sui
1132 3869 1340 3950 aperuerunt,
1375 3869 1409 3930 et

362 3965 501 4052 plurima
526 3965 565 4032 de
584 3965 749 4032 beneficiis
773 3969 840 4032 suis
863 3967 952 4052 regia
971 3967 1126 4034 libertate
1146 3967 1355 4032 contulerunt
1373 3965 1411 4030 in

362 4069 431 4134 loco
447 4073 584 4136 ostensae
600 4069 745 4148 visionis,
765 4071 866 4150 immo
887 4071 1071 4138 manifestae
1095 4071 1290 4136 ostensionis
1305 4069 1410 4134 beatae

364 4171 519 4256 Virginis,
546 4171 722 4256 sicutipse
748 4195 894 4236 summus
923 4173 1078 4238 Pontifex
1100 4173 1137 4236 in
1164 4171 1335 4258 privilegio
1353 4193 1411 4236 suo

365 4275 488 4354 asserit,
504 4279 537 4338 et
554 4273 594 4338 de
609 4273 681 4358 ipsa
699 4275 883 4340 ostensione
899 4295 991 4360 aeque
1010 4275 1059 4340 ita
1075 4279 1200 4340 certum
1216 4297 1283 4338 esse
1299 4279 1413 4338 tenenn

368 4377 444 4440 dum
463 4377 611 4462 praecipit
630 4379 905 4462 quemadmodum
932 4377 972 4442 de
986 4377 1078 4442 beati
1093 4377 1243 4464 Eogwini
1264 4375 1413 4442 bonitate

200 4511 339 4578 Privileges
366 4499 434 4542 non
471 4479 644 4544 dubitavit.
707 4479 798 4564 Ipsas
837 4501 914 4544 vero
954 4481 1146 4546 donationes
1184 4485 1218 4544 et
1259 4481 1415 4544 beneficia

200 4583 306 4646 granted
314 4587 341 4628 t⁰
368 4579 499 4666 praefati
521 4601 612 4666 reges
635 4581 670 4644 in
695 4581 840 4668 ipsorum
879 4583 1059 4670 privilegiis
1082 4581 1279 4648 nominatim
1310 4583 1416 4648 deter-

202 4649 312 4712 ngin’s
405 4683 411 4696 .
806 4685 812 4698 .
998 4685 1005 4700 .
1297 4685 1303 4700 .

203 4713 355 4766 foundation.
368 4687 578 4750 minaverunt
609 4687 643 4748 et
678 4685 853 4770 apostohoa
883 4691 1079 4752 auctoritate
1109 4685 1307 4754 corroboran
1335 4685 1416 4754 sece-
