3300 5666
413 839 615 892 onnonroon
638 835 795 892 annana
820 841 865 892 nn
888 841 1059 894 nvnsnnn.
1251 835 1271 896 3

215 1201 251 1276 ‘J
249 1201 354 1292 ncipit
363 1201 470 1292 *Liber
479 1201 626 1268 Primos
641 1199 681 1268 dc
699 1199 780 1282 Vtro
794 1201 918 1270 Sancti
932 1199 1268 1300 Ecpcoina'it'ptscopc‘
1347 1211 1348 1214 ’

224 1379 225 1384 1
312 1315 341 1374 ct
368 1307 582 1396 Confessoro's,
607 1315 636 1374 et
663 1305 851 1374 Miroonla's
876 1331 952 1394 qna
977 1309 1071 1376 Dens
1099 1329 1162 1396 por
1189 1329 1267 1374 enm
1376 1335 1377 1338 ¹

313 1409 399 1478 dnm
417 1409 657 1488 scenomata
672 1411 744 1478 loce
752 1409 931 1498 frueretur
947 1409 1083 1500 operari
1100 1409 1266 1496 clipeatos
1303 1495 1304 1498 Ἴ

311 1521 365 1592 cst,
381 1513 592 1604 abbreviatus
619 1539 642 1582 a
659 1513 785 1580 Thomu
803 1517 922 1600 priora
944 1513 1161 1580 caesenate.

563 1773 564 1778 ¹
650 1727 776 1810 Lnenro
800 1745 826 1810 Ι.

263 1913 484 1980 TEMPORIBUS
521 1937 635 2000 regum
676 1913 844 1982 Ethelredi
884 1919 983 2002 atque
1022 1913 1175 1994 nemesi,
1208 1913 1264 2000 qui

220 2017 414 2106 Marciorum
446 2017 591 2110 regimen
619 2019 843 2106 obtinuerunt,
870 2021 913 2084 ‘in
944 2019 1110 2084 territorio
1135 2017 1263 2102 Wigor-

218 2123 309 2196 nensi
322 2123 448 2188 ¹extitit
471 2123 642 2210 religiosus
674 2123 726 2190 vir
758 2123 810 2188 cui
845 2111 965 2186 nomen
1000 2129 1070 2188 erat
1094 2121 1260 2208 nginus,
1337 2163 1338 2166 =

213 2225 316 2318 'regali
339 2247 380 2290 ex
403 2225 550 2314 prosapia
582 2231 679 2294 ortus.
731 2221 795 2306 Qui
830 2231 1005 2312 postquam
1036 2225 1261 2292 adolescentia
1369 2245 1370 2248 ’

215 2331 343 2414 tempus
374 2327 540 2414 transegit,
575 2331 715 2414 gratiam
740 2329 802 2392 Dei
833 2329 972 2392 multam
995 2323 1149 2408 obtinuit,
1171 2321 1262 2392 illus-

215 2431 354 2496 tratione
386 2429 456 2494 veri
490 2429 624 2502 luminis
658 2435 692 2496 et
727 2429 841 2496 Sancti
881 2429 1023 2516 Spiritus
1061 2431 1259 2516 aspiratione

211 2533 393 2626 irradiatus,
425 2535 509 2600 sicut
533 2533 691 2600 bonorum
715 2531 869 2600 actuuml
894 2535 1093 2620 subsequens
1117 2555 1260 2622 compro-

214 2637 305 2702 bavit
320 2637 461 2702 effeetus.
495 2637 664 2718 Quantum
680 2639 768 2702 enim
790 2639 826 2700 in
850 2657 887 2702 eo
911 2637 1076 2702 crescebat
1095 2659 1257 2704 successus

213 2741 375 2828 temporis,
392 2747 525 2806 tantum
541 2741 748 2808 excrescebat
763 2741 868 2806 totius
884 2741 1028 2806 intentio
1053 2745 1086 2806 et
1110 2741 1257 2806 studium

211 2843 390 2930 probitatis
437 2843 597 2908 Assiduus
620 2849 689 2908 erat
711 2845 747 2906 in
770 2843 916 2924 lectione,
942 2845 1045 2908 cordis
1067 2845 1117 2908 sni
1141 2867 1257 2930 agrum

208 2947 360 3034 pervigili
383 2947 550 3012 excolebat
578 2947 803 3026 sollicitudine,
828 2945 997 3012 avellendo
1034 2969 1107 3032 quae
1138 2949 1255 3010 nociva
1375 2973 1376 2976 ¹

208 3047 379 3116 noscebat²
402 3055 435 3116 et
466 3049 636 3116 inserendo
674 3071 748 3136 quae
786 3049 929 3114 salubria
962 3071 1029 3116 esse
1058 3049 1251 3114 dinoscebat
1282 3121 1283 3126 γ

207 3153 331 3232 duetus,
355 3153 457 3234 fortis,
482 3157 633 3218 constans
664 3155 698 3214 et
720 3155 870 3238 prudens,
896 3153 1025 3236 cuique
1043 3151 1129 3238 quod
1155 3175 1251 3218 snum

207 3261 255 3320 est
286 3257 439 3320 exhibere
473 3257 650 3340 satagebat,
683 3257 811 3320 ratione
844 3255 1045 3322 considerata
1067 3255 1194 3320 labores
1217 3261 1251 3320 et

204 3359 347 3444 pericula
368 3381 436 3422 non
466 3353 608 3442 segniter
635 3357 830 3442 suscipiebat
865 3361 1191 3444 perseverantemqne
1214 3359 1249 3420 in

205 3461 249 3524 eis
281 3461 381 3524 animi
419 3459 627 3526 tolerantiam
662 3461 795 3540 ferebat,
831 3481 868 3524 ac
903 3481 1014 3524 rerum
1046 3459 1247 3544 singularum

95 3591 97 3594 ·
203 3561 282 3628 fines
300 3561 548 3650 diligentissime
570 3561 771 3628 attendebat.
819 3563 918 3628 Unde
943 3563 1051 3628 omnia
1075 3585 1171 3648 opera
1187 3583 1246 3628 sua

202 3667 351 3746 verendo,
382 3665 481 3750 juxta
511 3667 593 3730 illud
627 3667 714 3730 beati
736 3665 760 3728 J
762 3667 810 3744 ob,
837 3667 980 3730 Verebar
1007 3667 1116 3728 omnia
1148 3689 1245 3752 opera
1258 3681 1308 3734 Job
1325 3685 1360 3738 ix.
1373 3693 1412 3740 as.

201 3789 279 3844 mea,
296 3767 399 3832 sciens
416 3769 574 3852 quianon
595 3779 752 3852 parceres
765 3767 978 3852 delinquenti,
989 3769 1038 3830 'ad
1055 3769 1244 3852 exequenda

200 3867 261 3932 Dei
295 3869 450 3934 mandata
480 3869 571 3954 pium
593 3891 630 3934 ac
653 3869 732 3934 mite
756 3891 809 3934 cor
833 3869 986 3956 gerebat3
1002 3899 1005 3904 ‘¹
1018 3869 1054 3934 in
1077 3869 1243 3934 exteriori-

200 3971 260 4036 bus
293 3973 423 4056 quidem
441 3991 442 3996 ’
457 3973 560 4036 causis
599 3973 703 4036 sciens
734 3995 770 4036 ac
803 3971 969 4054 discretus,
990 3973 1096 4038 'fortis
1132 3977 1166 4038 et
1200 3973 1241 4036 ad

200 4073 306 4138 omnia
330 4073 558 4152 consideratus,
582 4075 619 4138 in
642 4073 762 4140 divinis
786 4079 898 4138 antem
919 4075 1139 4162 intelligentia
1161 4097 1242 4162 prae-

197 4175 294 4256 ditus,
318 4177 478 4264 sapientia
495 4179 672 4262 plurimum
695 4175 883 4242 excellebat.
930 4177 1040 4264 Igitur
1061 4179 1242 4264 postposita

198 4279 345 4344 secularis
383 4281 487 4344 fastus
531 4279 709 4344 ambitione
744 4283 778 4344 et
816 4281 974 4344 bonorum
1011 4281 1239 4364 temporalium

192 4379 403 4464 jocunditate,
440 4385 667 4466 paupertatem
702 4381 925 4448 voluntariam
961 4385 1094 4466 propter
1133 4379 1240 4446 Deum

198 4483 366 4570 appetivit,
390 4489 423 4550 et
456 4485 668 4550 eeclesiastico
703 4485 807 4550 cultui
840 4483 1026 4568 divinisque
1059 4483 1171 4550 officiis
1203 4505 1237 4548 se

196 4807 198 4814 „
228 4795 353 4862 ¹aetuom]
368 4801 489 4860 flectuum,
500 4793 557 4846 MS,
711 4793 717 4862 Ι
762 4795 917 4860 ²noccebot]‚
929 4797 1043 4858 nocebat,
1056 4795 1112 4846 MS.

840 4889 844 4898 ’
1034 4889 1057 4940 A
1081 4877 1102 4938 2
