3300 5666
456 837 657 892 onnomcou
679 835 838 892 0000000
863 837 1104 896 aneensem.
1173 847 1178 852 ·
1243 831 1306 900 163

253 1043 270 1070 “
293 1031 433 1118 optimas
449 1031 723 1100 contradictiones
738 1037 771 1100 et
788 1031 874 1118 juris
888 1031 993 1100 nostri
1011 1037 1044 1098 et
1058 1031 1304 1122 privilegiorum
1316 1055 1383 1112 Ab,
1400 1065 1468 1118 1205.

245 1147 272 1204 ,“
293 1141 479 1202 nostrorum
503 1139 756 1226 protestationes
785 1159 897 1202 eorum
916 1135 1058 1202 ,malitiae
1085 1137 1301 1218 obviavimus,
1447 1189 1448 1192 η

231 1251 270 1314 ,“
292 1241 341 1304 110
363 1241 450 1324 quod
474 1245 588 1306 contra
620 1241 788 1306 ecclesiam
818 1245 965 1306 nostram
995 1245 1167 1324 nunquam
1190 1239 1302 1324 aliqua
1377 1229 1380 1234 ’

251 1351 416 1406 “currere
440 1343 550 1426 potuit
584 1341 796 1428 praescriptio,
831 1341 917 1406 sicut
946 1363 987 1436 000
1010 1341 1089 1426 ipsis
1113 1343 1302 1424 attestatio<

169 1471 170 1474 ¹
251 1453 268 1482 “
289 1443 388 1510 nibus
404 1445 559 1508 sanctitas
582 1447 694 1508 vestra
709 1443 834 1528 liquido
858 1445 1043 1532 perpendet.
1092 1443 1187 1524 Quod
1211 1445 1299 1508 enim

233 1557 266 1584 ¹“
290 1545 378 1624 dicit,
404 1541 567 1632 episcopos
591 1541 823 1630 Wigornenses
847 1541 1022 1612 abbatibus
1054 1545 1298 1612 000101010οθ·Ι
1353 1541 1372 1544 '¹

250 1655 267 1682 “
290 1647 410 1712 dixisse
434 1651 479 1712 01
491 1647 625 1712 abbates
640 1645 687 1712 eis
704 1645 937 1730 professionem
953 1645 1074 1726 fecisse,
1091 1669 1206 1712 verum
1223 1651 1273 1714 001
1289 1671 1296 1726 ;
1342 1717 1343 1722 γ

151 1791 153 1796 ,
185 1821 186 1824 Ἴ
248 1759 266 1788 “
287 1751 345 1814 sed
379 1747 521 1836 capitulo
554 1749 787 1814 Eveshamensi
823 1749 1065 1816 contradicente
1108 1751 1177 1816 haeo
1211 1751 1299 1814 facta

249 1853 424 1918 “suntet
454 1849 629 1916 abbatibus
659 1851 923 1938 protestantibus
954 1847 1041 1936 quod
1064 1851 1164 1916 saluis
1195 1851 1296 1936 privi-

249 1951 380 2040 “legiis
404 1955 470 2018 suis
491 1955 559 2020 haec
582 1953 738 2030 fecerunt,
761 1951 846 2018 sicut
871 1977 928 2040 per
951 1955 1032 2020 tales
1055 1959 1157 2018 testes
1179 1953 1296 2038 proba-

247 2063 264 2092 “
287 2059 348 2122 tur.
412 2057 507 2138 Quod
546 2059 657 2122 autem
696 2055 776 2120 dicit
815 2053 980 2148 episcopos
1010 2055 1190 2144 Wigorniae
1221 2077 1296 2120 cum

219 2201 225 2206 „
247 2165 264 2194 “
287 2159 424 2222 solemni
455 2159 656 2244 processione
688 2157 788 2222 101000
815 2179 836 2222 0
858 2145 957 2222 nobis¹
984 2159 1149 2238 admissos
1178 2179 1294 2224 verum
1328 2201 1331 2238 3
1443 2169 1458 2178 “

246 2267 263 2294 “
286 2265 354 2340 est;
379 2259 436 2324 sed
467 2283 542 2324 cum
565 2261 813 2354 ,protestatione
844 2257 1094 2346 privilegiorum
1118 2267 1151 2326 et
1175 2261 1294 2326 carita-

155 2359 164 2370 ‘
246 2371 264 2398 “
285 2361 354 2428 tive
385 2365 417 2426 01
452 2383 510 2448 000
532 2363 687 2428 'ecclesiia
722 2385 796 2450 quae
821 2383 889 2428 non
914 2363 1096 2448 probantur
1125 2367 1292 2446 ¹exemptae

245 2477 261 2502 “
283 2465 351 2532 haeo
385 2465 528 2542 fecimus,
563 2465 649 2532 siout
676 2461 726 2530 illi
761 2469 863 2530 testes
900 2465 1052 2552 probant.
1100 2465 1155 2530 Ad
1176 2465 1317 2532 missas
1359 2501 1360 2504 ¹

243 2577 259 2602 “
282 2563 385 2632 etiam
407 2555 567 2632 solemnes
602 2569 655 2634 eos
679 2567 872 2632 admisimus
895 2567 952 2632 sed
975 2573 1117 2648 vocatos,
1147 2567 1232 2632 siout
1256 2567 1291 2632 in

241 2677 258 2704 “
280 2669 451 2756 privilegio
481 2669 669 2736 innocentii
700 2693 794 2756 papae
819 2669 1016 2748 continetur,
1040 2675 1074 2734 01
1097 2669 1182 2744 siout
1206 2671 1288 2734 tales

242 2777 379 2838 “testes
404 2771 552 2858 probant.
602 2773 696 2854 Quod
725 2777 837 2838 autem
868 2771 949 2836 dicit
973 2775 1099 2836 statuta
1126 2771 1290 2860 episcopo-

242 2879 354 2938 “rum
377 2873 474 2938 fuisse
500 2873 634 2940 anobis
658 2875 806 2954 admissa,
830 2875 949 2938 falsum
972 2877 1030 2938 e‘st.
1086 2873 1192 2938 Immo
1223 2879 1290 2938 sta·-

239 2981 257 3010 “
278 2981 354 3040 tuta
377 2975 513 3040 Henrioi
529 2975 669 3062 episcopi
686 2977 727 3042 ab
743 2977 861 3042 abbate
878 2979 990 3040 nostro
1006 2975 1138 3062 penitus
1153 2975 1289 3040 1000001

239 3079 363 3164 “apud
392 3077 621 3142 Fladeburiam
651 3077 795 3144 refutata
830 3083 864 3142 et
895 3077 1016 3162 rejecta
1047 3083 1122 3164 post
1156 3077 1288 3142 traditi-

238 3189 253 3216 “
277 3203 380 3248 onem.
428 3179 473 3244 Et
497 3179 625 3246 decreta
647 3181 747 3248 etiam
769 3179 910 3268 episcopi
935 3179 1097 3246 Johannis
1112 3185 1287 3268 postquam

238 3291 253 3318 “
275 3285 359 3348 lecta
392 3283 525 3348 inerunt
563 3285 599 3346 10
638 3281 782 3370 00011010
821 3283 954 3348 omnino
988 3307 1008 3348 a
1039 3283 1159 3348 saniori
1193 3289 1287 3370 parte

237 3389 254 3418 “
277 3385 411 3472 capituli
436 3383 640 3450 contradicta
664 3389 698 3448 01
721 3385 867 3450 refutata
888 3385 1033 3464 fuerunt,
1058 3385 1144 3450 sicut
1167 3387 1287 3472 plenis-

237 3491 253 3566 ‘f
276 3487 356 3572 sime
379 3509 436 3572 000
465 3485 524 3566 hos
555 3491 588 3566 et
619 3487 692 3548 illos
719 3487 821 3552 testes
851 3485 1020 3572 probatur.
1080 3485 1177 3570 Quod
1206 3509 1284 3550 vero

236 3581 477 3652 “sacramenta
506 3585 725 3674 ecclesiastica
752 3587 793 3652 ab
818 3587 864 3650 eis
895 3587 1081 3670 recepimus,
1107 3589 1170 3652 hoc
1188 3587 1285 3654 nobis
1321 3605 1322 3608 ’

236 3695 251 3722 “
273 3713 340 3754 000
362 3687 465 3770 00001,
482 3691 558 3776 quia
573 3689 753 3754 secundnm
767 3689 977 3776 privilegium
992 3687 1174 3754 Alexandri
1189 3713 1284 3776 papae

235 3797 251 3824 “
274 3793 335 3856 hoc
358 3791 452 3858 nobis
473 3793 551 3856 licet
573 3815 594 3856 a
617 3815 680 3876 quo
704 3791 916 3858 maluerimus
940 3791 1090 3880 episcopo
1113 3793 1226 3874 facere,
1250 3797 1283 3858 01
1312 3857 1313 3860 ,

235 3899 252 3928 “
275 3907 348 3960 oum
378 3893 614 3982 protestatione
644 3893 722 3958 talis
752 3895 918 3960 libertatis
941 3901 974 3960 et
998 3895 1193 3960 auctoritate
1217 3891 1283 3982 pri-

233 4003 250 4028 “
272 3997 385 4084 vilegii
409 3997 496 4064 illius
530 3999 591 4062 hoo
614 3997 758 4076 fecimus,
783 4001 817 4064 et
850 3997 1023 4064 caritative
1046 3997 1224 4084 petivimus
1249 4003 1282 4064 et

234 4103 248 4130 “
272 4101 459 4184 accepimus,
484 4099 569 4164 siout
584 4121 641 4184 per
664 4099 747 4164 tales
770 4103 871 4164 testes
893 4099 1060 4186 probatur.
1109 4099 1204 4180 Quod
1225 4125 1281 4166 au-

233 4203 248 4230 “
270 4205 337 4268 tem
360 4201 460 4266 abbas
483 4205 593 4266 noster
616 4199 657 4266 ad
680 4201 844 4288 synodum
861 4201 967 4280 00011,
992 4223 1059 4266 000
1081 4207 1185 4280 00001,
1202 4203 1280 4288 quia

232 4305 248 4332 “
272 4325 329 4390 pro
353 4305 506 4372 membris
531 4329 605 4394 quae
628 4329 695 4372 000
725 4305 908 4392 probantur
930 4309 1085 4392 exempta
1107 4305 1167 4370 hoc
1190 4305 1278 4386 fecit,

232 4407 305 4472 “et
328 4409 387 4472 hoo
419 4409 464 4476 ibi
495 4409 624 4496 publice
654 4415 855 4496 protestatus
887 4415 946 4492 est,
981 4409 1066 4478 siout
1099 4409 1146 4472 illi
1178 4413 1277 4478 testes
1373 4437 1374 4440 ¹

232 4509 247 4536 “
270 4507 438 4594 probant.⁵'
