3300 5666
434 751 636 842 canonicos
654 785 810 840 saalim
834 787 879 840 nu
902 785 1069 842 utconlu.
1228 771 1269 836 33

647 1097 750 1154 Luccio
771 1097 842 1158 Vll.

270 1265 341 1334 Quis
371 1265 432 1336 jam
462 1283 518 1320 nou
554 1265 659 1322 dixerit
688 1267 805 1330 beatum
842 1265 962 1320 Petrum
994 1265 1030 1322 ad
1061 1271 1152 1322 artem
1184 1283 1264 1322 suam

155 1381 156 1384 =
224 1355 362 1416 veterem,
376 1349 512 1406 videlicet
525 1349 717 1422 piscatoriam,
739 1367 897 1416 reversum,
919 1349 969 1420 qui
989 1351 1071 1422 quasi
1090 1351 1120 1406 in
1138 1351 1193 1406 reti
1212 1371 1263 1406 suo

223 1433 333 1502 piscem
357 1433 393 1488 ad
422 1433 523 1488 urbem
547 1453 599 1504 per
618 1439 662 1490 tot
684 1433 778 1488 maria
807 1435 896 1490 traxit
922 1439 956 1488 ut
986 1435 1107 1490 fratrem
1132 1453 1217 1488 suum
1247 1453 1263 1488 a

155 1585 157 1588 Ι
223 1517 346 1572 vinculis
360 1517 487 1588 corporis
500 1517 669 1574 absolveret.
701 1517 747 1574 Ne
760 1517 857 1588 itaque
871 1517 958 1572 alicui
970 1517 1032 1572 haec
1046 1517 1114 1590 quio
1125 1517 1263 1574 inusitata

198 1645 200 1648 .
220 1601 282 1672 jam
303 1601 494 1672 impossibilia
516 1601 679 1666 videantur,
705 1601 893 1658 conferantur
912 1601 969 1658 ista
987 1603 1034 1656 his
1061 1621 1124 1674 quae
1143 1607 1261 1674 propter

222 1685 317 1756 ipsum
342 1685 421 1740 Deus
444 1691 510 1756 post
533 1685 610 1740 beati
633 1685 700 1740 viri·
714 1685 921 1756 depositionem
951 1685 1123 1740 mirabiliter
1148 1685 1259 1756 operari

221 1769 355 1838 dignatus
375 1775 436 1834 est3
457 1773 486 1822 et
505 1769 530 1824 si
547 1769 720 1824 videbuntur
739 1767 892 1832 mirabilia,
913 1769 1044 1836 desinent
1056 1775 1152 1824 tamen
1166 1769 1259 1822 videri

221 1853 419 1922 impossibilia,
434 1853 503 1924 quia
515 1871 548 1906 ea
569 1871 632 1924 quae
654 1857 773 1908 eventus
795 1851 962 1906 assiduitate
984 1843 1156 1908 didicimus¹
1178 1853 1259 1922 quasi

221 1937 345 2008 quodam
362 1955 418 1992 usu
436 1955 512 2008 saepe
530 1937 560 1990 in
578 1937 709 1992 habitum
720 1937 831 2012 mentis
843 1937 995 1992 vertimus.
1034 1935 1151 1990 Sancite
1168 1937 1260 2006 igitur

219 2039 236 2076 a
248 2021 378 2092 patribus
391 2021 452 2074 dies
472 2039 564 2074 mmua
583 2039 639 2092 qua
650 2009 752 2076 beatus
764 2021 920 2090 Ecgwinus
933 2021 1005 2076 adiit
1016 2019 1146 2076 coelestia
1157 2039 1256 2090 regua,

220 2109 289 2176 quot
319 2105 401 2160 annis
431 2109 496 2176 post
527 2105 745 2178 depositionem
770 2105 832 2176 ejus
866 2105 1002 2160 illuxerat
1031 2105 1144 2168 festiva,
1182 2123 1258 2176 saepe
1299 2177 1301 2182 Ι
1338 2123 1339 2126 ’

218 2189 351 2260 superius
382 2189 530 2246 miraculis
560 2189 714 2246 illustrata.
748 2189 749 2192 ’
776 2189 845 2258 Quae
876 2189 951 2246 inter
980 2191 1111 2250 natalitia
1141 2189 1257 2244 Domini

218 2277 355 2330 solemnia
374 2273 519 2346 duplicata
531 2275 630 2348 populi
649 2279 677 2330 et
695 2275 812 2330 familiae
826 2293 885 2330 suae
898 2275 1026 2346 refulget
1042 2275 1153 2340 laetitia,
1175 2277 1257 2346 quasi

191 2421 192 2424 Ἰ
217 2377 321 2420 corona
342 2377 429 2416 aurea
449 2361 510 2414 solo
531 2375 709 2438 repercussa.
764 2359 901 2416 Accurrit
929 2359 1013 2416 sclito
1037 2361 1177 2434 populoso
1199 2361 1255 2414 ire·

217 2447 333 2516 quentia
353 2443 389 2500 ad
407 2445 531 2500 celebria
549 2445 622 2500 tanti
644 2447 735 2518 patris
760 2443 875 2516 gaudia.
921 2443 987 2498 Nox
1007 2445 1209 2516 ipsuluciflua
1228 2449 1256 2500 et

215 2531 276 2586 dies
297 2531 436 2600 praeclara
454 2535 539 2584 cantu
552 2535 581 2590 et
600 2531 685 2588 laude
706 2531 887 2586 continuatur
908 2531 1021 2584 excelsa
1040 2545 1106 2584 cum
1123 2527 1255 2600 jocundi·

126 2605 127 2608 ¹
214 2619 272 2668 tate
291 2613 403 2678 festiva,
423 2631 475 2668 nec
494 2615 599 2670 desunt
617 2615 703 2670 solita
725 2615 835 2670 Ohristi
853 2613 993 2668 beneficia
1006 2613 1194 2670 servitoribus
1207 2613 1254 2666 vel

213 2697 374 2770 hospitibus
405 2699 465 2754 suis
495 2705 603 2770 parata,
629 2717 681 2754 nec
711 2699 815 2754 desunt
838 2703 904 2772 post
932 2699 1087 2754 missarum
1115 2699 1254 2754 solemnia

213 2783 405 2854 competentia
425 2779 614 2840 refectionum
633 2783 768 2856 insignia.
817 2783 875 2838 Sed
899 2783 983 2840 modo
1007 2783 1131 2854 piscium
1156 2783 1254 2838 deerat

213 2869 303 2942 copia,
326 2873 360 2928 ut
376 2869 537 2926 mirabilior
556 2873 708 2940 appareret
726 2867 781 2922 Dei
800 2869 903 2940 gratia.

626 3107 729 3170 Luccio
748 3109 836 3168 VHI.

245 3259 340 3328 Quum
359 3279 429 3332 ergo
446 3279 537 3332 super
554 3263 608 3316 hoo
630 3263 693 3334 ipsc
713 3279 796 3316 mane
814 3263 938 3334 pastoris
963 3263 1125 3318 officiositas
1144 3265 1248 3320 fratres
1261 3283 1365 3334 Mffmele
1377 3287 1407 3336 of

209 3345 312 3400 devota
337 3345 532 3416 alloqueretur
551 3339 684 3410 caritate,
706 3347 873 3422 supervenit
903 3347 1017 3418 quidam
1045 3347 1095 3418 qui
1120 3347 1192 3402 dixit
1217 3365 1248 3404 se
1260 3353 1302 3402 the
1313 3359 1413 3416 capture

208 3429 289 3482 mirae
308 3429 516 3500 magnitudinis
528 3429 645 3502 ‘piscem
664 3431 846 3502 conspexisse
868 3433 898 3484 iu
916 3431 978 3502 ipso
993 3429 1070 3502 quod
1082 3431 1248 3486 subterfluit
1260 3419 1311 3470 Osa
1322 3419 1373 3468 θεὴ]
1384 3421 1410 3470 ῙΠ

208 3513 381 3566 monasterio
413 3513 540 3568 flumine.
597 3509 737 3568 Continuo
767 3513 838 3566 illuc
878 3515 1078 3578 concurritur3
1115 3515 1243 3584 spiculis,
1259 3485 1395 3574 theAvon'

205 3595 319 3664 jaculis,
343 3599 372 3650 et
392 3597 503 3650 camotis
532 3599 720 3652 armamentis
736 3595 834 3668 praeda
851 3597 993 3662 obruitur,
1013 3595 1134 3668 capitur,
1154 3603 1245 3652 extra·

207 3679 302 3744 hitur;
323 3685 408 3750 atque
422 3697 518 3736 coram
529 3679 651 3752 pedibus
670 3681 870 3736 ministrorum
889 3679 1006 3736 Domini
1019 3679 1179 3750 exponitur,
1195 3683 1245 3752 qui

206 3765 294 3836 piscis
307 3781 324 3818 a
336 3765 515 3820 scholasticis
534 3765 627 3836 phoca
638 3763 649 3796 2
665 3765 840 3820 nominatur.
878 3765 999 3820 Extollit
1011 3767 1134 3836 populus
1147 3767 1244 3820 visum

206 3849 387 3914 miraculum,
407 3853 436 3902 et
455 3849 581 3904 clamosa
601 3847 686 3904 laude
705 3853 874 3904 cunctorum
892 3849 1072 3920 glorificatur
1090 3849 1121 3902 in
1145 3853 1242 3902 sancto

206 3949 257 3986 suc
287 3931 423 4002 Ecgwino
452 3931 590 4002 Largitcr
619 3933 747 3988 omnium
776 3933 925 3986 bonorum.
978 3931 1136 4002 Nunquam
1166 3933 1242 3986 enim

205 4017 378 4072 autcarisus
403 4023 447 4070 est
464 4017 551 4086 hujus
570 4017 684 4088 generis
703 4017 792 4088 piscis
810 4015 841 4068 in
857 4017 911 4070 hoc
932 4007 1059 4080 flumine,
1080 4015 1131 4070 sed
1148 4033 1241 4084 neque

205 4103 234 4154 iu
257 4105 318 4156 tota
335 4101 429 4176 patria
445 4099 579 4154 iuventus
604 4105 649 4156 cst
665 4105 753 4156 tantm
771 4099 978 4170 magnitudinis
997 4101 1028 4154 iu
1045 4101 1098 4154 hoc
1118 4117 1239 4170 genere3

206 4185 461 4260 qui,distributus
489 4185 632 4254 largiflue,
662 4187 691 4238 et
722 4183 887 4238 domesticis
920 4189 950 4238 θὴ
973 4183 1091 4238 advenis
1129 4181 1242 4238 suffecit

205 4271 342 4340 gratifice.
379 4267 480 4324 Nonne
498 4269 580 4340 pium
597 4271 641 4324 est
659 4267 775 4324 credere
794 4267 829 4320 ob
848 4269 984 4322 meritum
998 4267 1089 4324 sancti
1110 4265 1241 4336 Ecgwini

204 4355 319 4412 beatum
337 4355 466 4420 Petrum,
488 4351 570 4422 quasi
590 4359 650 4410 arte
669 4371 721 4408 sua
739 4353 902 4424 piscatoria,
917 4351 1018 4408 eadem
1031 4353 1171 4424 potestate
1185 4367 1241 4422 qua

236 4697 242 4726 ¹
254 4691 392 4760 didicimus]
407 4693 558 4772 didiscimus,
572 4695 627 4746 MS.
731 4693 737 4762 Ι
784 4697 794 4724 ²
800 4693 894 4760 picco]
908 4695 970 4756 foca,
982 4697 1038 4748 MS.

1087 4797 1107 4844 Ο
