3300 5666
430 785 630 838 cneoruccu
654 787 807 838 ABBATIAE
830 791 877 838 nn
900 791 1070 840 nvnsnru.
1207 777 1270 840 119

230 961 383 1040 Suellem,
407 965 589 1028 manerium
613 965 654 1028 de
677 985 825 1050 camera,⁸
841 971 875 1028 et
905 965 1095 1050 pernoctavi
1128 965 1184 1040 ibi,
1220 985 1272 1028 co·
1286 983 1353 1032 Au.
1366 989 1436 1034 mos,

229 1067 339 1152 gitans
372 1067 448 1150 quia
479 1087 546 1130 nox
579 1067 713 1130 haberet
735 1067 926 1146 consitium,
959 1071 993 1130 et
1027 1071 1148 1154 putans
1186 1067 1272 1148 quod
1362 1095 1365 1100 ·

230 1169 331 1236 abbas
369 1167 475 1232 ebrius
514 1173 605 1246 esset,
645 1169 728 1232 sicut
764 1169 909 1252 quotidie
941 1189 1008 1232 esec
1039 1169 1207 1232 consucvit
1239 1173 1273 1232 01

230 1289 314 1354 saepe
338 1269 387 1334 bis
410 1291 476 1334 una
497 1269 555 1348 die,
580 1271 633 1334 vel
657 1269 744 1354 quod
775 1273 855 1336 tunc
885 1269 1021 1334 haberet
1050 1267 1098 1334 ibi
1130 1269 1272 1354 utiquam

230 1371 270 1434 de
293 1369 480 1434 concubinis
504 1373 578 1448 suis,
602 1375 734 1456 propter
760 1393 840 1456 ques
871 1391 955 1454 saepe
979 1391 1038 1434 nos
1062 1377 1273 1434 consueverat

231 1473 400 1538 excludere
416 1495 435 1536 a
452 1471 603 1558 thalamis
620 1471 694 1550 suis,
712 1473 863 1556 quamvis
879 1471 1074 1538 concubinas
1091 1493 1164 1540 suas
1179 1463 1273 1538 nobis
1309 1539 1310 1542 ,

230 1573 418 1638 videntibus
441 1575 477 1636 in
499 1573 651 1638 thalamis
674 1575 740 1638 sois
763 1575 883 1658 passim
913 1575 1116 1640 consueverit
1146 1575 1273 1638 habere.

214 1673 365 1748 'Summo
389 1677 499 1760 itaque
522 1697 617 1742 mane
641 1677 717 1754 reni
738 1675 858 1746 iterum
876 1675 1134 1752 Bradeuuellarn
1151 1681 1184 1740 01
1206 1697 1274 1740 non

229 1777 363 1862 patebat
393 1775 473 1840 mihi
503 1777 674 1862 ingressus,
705 1799 765 1842 nec
798 1777 834 1850 in
872 1777 988 1856 metius
1022 1781 1188 1848 mutatum
1226 1783 1275 1842 est

231 1879 409 1956 consitium,
434 1877 490 1942 scd
512 1879 598 1944 idem
620 1901 810 1964 responsum
825 1881 933 1966 recepi
956 1881 1042 1964 quod
1058 1879 1170 1964 prius3
1193 1901 1275 1944 non-

231 1981 310 2046 dum
334 1979 420 2046 enim
443 2003 533 2066 spem
556 1981 709 2046 amiserat
734 1983 816 2066 quin
838 1981 1024 2068 episcopum
1040 1983 1146 2048 adhuc
1164 1983 1274 2068 atiquo

231 2085 327 2150 modo
360 2087 579 2168 corrumperet
610 2089 644 2150 et
670 2105 728 2150 nos
755 2085 785 2148 ei
808 2087 883 2150 dolo
905 2087 1059 2150 traderet.
1121 2085 1185 2150 Sed
1210 2085 1275 2172 epi-

229 2207 345 2276 scopus
367 2187 454 2250 filius
478 2187 629 2252 veritatis
652 2185 824 2272 iniquitati
848 2189 917 2274 ejus
941 2209 1007 2252 non
1035 2189 1204 2252 consensit.

233 2461 387 2548 Qualiter
408 2459 675 2548 acchiepiscopus
696 2461 870 2528 Hubectuc
892 2463 939 2528 cd
959 2461 1138 2526 0100001100
1160 2469 1278 2528 contro

320 2563 511 2652 episcopum
533 2565 578 2630 stt
599 2587 784 2646 concessus,
807 2571 837 2630 et
867 2565 906 2630 de
925 2571 1081 2650 potestate
1111 2563 1277 2650 ucctc'epc'·

320 2667 410 2754 00001
432 2669 475 2734 ta
498 2667 630 2734 ecctecc'o
651 2667 889 2734 Ecectomeoct
899 2667 918 2732 1.

132 2883 142 2894 ν
196 2925 197 2930 ¹
276 2849 320 2912 Et
353 2869 410 2934 ego
440 2843 562 2924 recessi,
595 2849 630 2910 01
660 2845 760 2912 tertia
792 2847 844 2910 die
875 2847 998 2912 occurri
1028 2847 1160 2910 domino
1191 2843 1355 2936 Can-Aug.
1368 2867 1407 2918 27.

232 2949 390 3014 tuariensi
405 2947 441 3012 in
457 2947 574 3012 itinere
593 2969 650 3034 per
673 2949 738 3012 tria
760 2947 901 3012 miliaria
924 2939 1225 3026 ultra'Londonias,
1243 2953 1277 3012 01
1288 2931 1329 3046 ᾗ
1340 2941 1434 3048 {331⁰

232 3073 268 3116 00
297 3075 371 3116 cum
404 3051 486 3116 fietu
509 3055 544 3116 et
576 3049 700 3136 ejulatu
723 3073 842 3138 magno
875 3073 916 3116 ex
943 3055 1035 3138 parte
1065 3051 1204 3138 fratrum
1227 3071 1276 3116 sa·
1288 3065 1442 3142 1111000011

142 3241 144 3246 Α
231 3157 348 3232 lutato,
363 3159 474 3218 tamen
490 3155 569 3246 satis
590 3155 750 3220 rhetorice
766 3175 808 3218 ex
834 3155 947 3218 ordine
970 3155 1104 3218 narravi
1121 3155 1152 3218 ei
1167 3155 1277 3218 omnia
1288 3129 1435 3250 Ἑξῗὲζῖξὸ

232 3257 415 3342 quaefacta
438 3261 541 3334 erant,
573 3263 606 3322 01
637 3257 799 3322 instanter
829 3257 912 3342 potii
943 3245 1113 3324 sententiae
1136 3257 1278 3344 episcopi
1289 3263 1353 3316 from
1364 3263 1430 3314 Lon-

230 3359 473 3440 relaxationem‚
491 3359 644 3446 adjiciens
667 3359 703 3422 in
725 3359 798 3438 fine,
823 3369 838 3394 “
854 3361 950 3424 Pater
965 3367 1085 3440 sancte,
1102 3381 1152 3426 res
1168 3365 1278 3424 vestra
1290 3329 1347 3382 ἀπ’

231 3469 249 3494 “
272 3461 375 3548 magis
391 3463 499 3548 agitur
515 3485 610 3546 quam
628 3467 747 3538 nostra,
767 3467 801 3526 01
824 3485 919 3526 causa
935 3467 1044 3528 vestra
1066 3469 1116 3528 est
1138 3485 1197 3548 pro
1213 3485 1278 3548 que

233 3569 405 3628 “stamus
452 3565 492 3628 In
524 3565 702 3650 privilegiis
725 3551 812 3630 enim
828 3565 947 3630 nostris
970 3565 1165 3646 continetur,
1190 3567 1276 3650 quod

218 3673 249 3700 ·“
272 3689 348 3730 cura
376 3667 557 3730 animarum
581 3669 721 3734 ccclesiae
737 3671 856 3734 nostrae
880 3689 899 3730 e
923 3667 1054 3732 domino
1075 3689 1160 3754 papa
1183 3667 1276 3732 vobis

231 3779 245 3802 “
270 3769 439 3834 commissa
461 3773 518 3846 est,
544 3775 577 3834 01
593 3769 621 3834 si
644 3771 722 3854 quid
739 3771 881 3848 sinistrae
904 3767 1016 3854 partis
1035 3769 1119 3834 inibi
1134 3791 1275 3854 comper-

233 3881 247 3904 “
270 3877 344 3938 tum
359 3871 459 3938 fuerit
474 3871 561 3952 oriri,
577 3875 687 3958 potius
705 3873 838 3936 auribus
854 3873 971 3936 vestris
996 3873 1160 3938 deferatsu
1176 3893 1275 3958 quam

233 3983 249 4008 “
272 3997 329 4062 per
352 3975 489 4060 aiicujus
506 3975 665 4040 occultam
686 3977 885 4068 sententiam
900 3977 991 4040 locus
1014 3981 1146 4042 sanctus
1162 3979 1276 4060 depra-

233 4087 248 4112 “
272 4083 378 4148 uetur¹
391 4079 519 4162 injuste.
572 4079 617 4142 Et
640 4101 698 4142 vos
711 4065 808 4142 ‘anno
830 4079 1010 4164 praeterito,
1034 4079 1063 4142 si
1085 4079 1126 4142 ad
1157 4101 1277 4142 memo-

233 4187 249 4214 “
272 4181 355 4244 riam
377 4179 540 4260 reducitis,
563 4181 624 4244 hoc
646 4181 819 4266 privilegio
843 4185 877 4244 01
895 4181 969 4264 jure
989 4183 1101 4244 nostro
1116 4181 1168 4242 usi
1190 4181 1276 4256 estis,

234 4289 248 4316 ‘⁶
272 4289 313 4360 01,
331 4283 478 4368 episcopo
494 4285 654 4366 praesentc
677 4287 710 4346 et
731 4305 797 4346 non
824 4281 1075 4376 contradicente,
1094 4285 1277 4366 quaerant

234 4393 249 4418 ‘⁴
273 4385 461 4470 corrigenda
476 4385 512 4446 in
534 4385 630 4448 domo
645 4387 758 4448 nostra
773 4387 806 4448 ct
822 4383 917 4448 nobis
934 4385 1085 4448 omnibus
1106 4385 1275 4468 prasenti-

234 4493 251 4520 “
274 4487 336 4550 bus
352 4491 385 4550 ct
399 4487 435 4548 in
452 4485 573 4570 cryptis
588 4485 708 4550 nostris
722 4489 792 4550 tam
815 4487 851 4548 in
867 4487 983 4572 capite,
999 4507 1098 4570 quam
1118 4485 1154 4548 in
1178 4507 1277 4550 mem·
1351 4493 1353 4500 “

262 4657 274 4662 η.
279 4657 283 4662 .
295 4659 330 4664 ,..,-,
335 4655 734 4664 --Ἥω-υ-α--ι-ηῌ--μα--υι-
965 4657 1059 4664 mmm-..am-
1063 4657 1108 4664 ινα--
1113 4657 1117 4662 ι
1130 4657 1208 4664 ...η-ψ...-
1212 4659 1223 4664 ...
1230 4659 1274 4664 .,-.-,.

532 4749 538 4778 ¹
551 4749 747 4814 Euaimon]
761 4749 920 4812 Eveshaensi,
933 4751 987 4800 MS.
