3300 5666
451 785 652 836 cunourcou
675 785 831 836 Aornum
855 785 902 836 nr
926 785 1096 838 nummu.
1250 777 1290 842 11

248 967 327 1028 runt
338 987 347 1042 3
371 967 405 1028 et
430 963 568 1028 eundem
594 963 700 1028 locum
728 963 788 1028 sub
804 963 998 1030 'testimonio
1026 967 1128 1028 tantae
1154 965 1372 1028 auctori-Am.
1387 981 1440 1030 ros.

251 1065 331 1132 tatis
354 1067 402 1130 ita
424 1065 626 1152 ampliatum,
652 1069 759 1130 totum
782 1067 922 1130 liberum
957 1065 1064 1150 quoad
1092 1067 1291 1152 temporalia,

250 1169 319 1232 Deo
344 1173 377 1232 et
399 1173 520 1234 sancta
544 1169 624 1252 Ejus
653 1167 813 1234 Genitrici
837 1175 869 1234 et
891 1167 998 1234 beatis
1017 1169 1171 1254 apostolis
1194 1169 1292 1234 Petro

248 1277 281 1338 et
310 1271 411 1336 Paulo
442 1271 657 1338 contulerunt.
705 1271 858 1336 Summus
891 1295 968 1338 vero
1000 1271 1151 1358 pontifex
1184 1271 1318 1340 locum,

247 1373 340 1438 illum
377 1375 431 1440 ut}
449 1373 512 1438 sibi
547 1373 713 1452 donatum,
752 1397 848 1460 quem
886 1375 975 1460 regia
1013 1379 1156 1460 potestas
1193 1373 1292 1460 regiae

246 1477 394 1542 libertati
417 1475 562 1556 donavit,
587 1483 620 1548 et
643 1477 713 1562 ipse
736 1475 934 1544 auctoritate
963 1475 1026 1542 Dei
1049 1483 1082 1542 et
1106 1481 1291 1542 sanctorum
1325 1501 1326 1504 ¹

140 1595 141 1598 ’
246 1579 467 1666 apostolorum
497 1585 530 1644 ct
560 1601 619 1644 sua
651 1579 759 1666 quoad
799 1579 984 1666 spiritualia
1022 1579 1166 1658 donavit,
1208 1579 1291 1646 sicut

244 1685 279 1752 in
302 1683 405 1768 ipsius
426 1681 597 1768 privilegio
620 1681 812 1748 continetur.
853 1681 1017 1748 Omnibus
1036 1681 1139 1768 igitur
1161 1681 1290 1748 itineris

245 1785 295 1850 sui
326 1787 429 1850 causis
455 1785 519 1850 rite
549 1785 687 1872 peractis
711 1791 744 1850 et
767 1787 810 1850 ad
848 1789 963 1850 votum
1002 1785 1176 1872 completis,
1215 1807 1290 1852 cum
1360 1861 1361 1864 Ἴ
1393 1771 1394 1774 “

243 1889 467 1958 benedictione
500 1889 683 1974 apostolica,
719 1909 871 1976 prospero
902 1911 1021 1974 gressu,
1059 1889 1095 1952 in
1133 1889 1289 1976 Angliam

244 1997 320 2056 sunt
343 1991 486 2078 regressi.
534 1991 604 2070 Quo
629 1991 707 2056 dum
730 1991 903 2070 venissent,
941 1991 1118 2056 secundum
1150 1991 1289 2056 formam

243 2093 390 2158 mandati
405 2093 572 2180 apostolici
596 2117 615 2156 a
638 2093 1117 2174 Brithwaldo,B1itanniarum
1139 2093 1288 2182 primate,

242 2189 306 2260 illis
336 2195 553 2284 inpartibus
584 2195 620 2258 in
655 2195 772 2284 quibus
800 2195 1021 2262 manifestatio
1047 2195 1162 2260 habita
1189 2195 1288 2260 fuisse

242 2299 387 2378 refertur,
405 2301 576 2364 concilium
593 2301 696 2364 totius
719 2297 858 2384 Angliae,
876 2299 1100 2386 episcoporum
1133 2299 1288 2364 videlicet

242 2401 387 2486 sacrique
404 2403 528 2480 ordinis
542 2401 766 2488 religiosarum
789 2423 1001 2488 personarum
1025 2401 1288 2488 optimatumque

183 2545 185 2548 -
238 2505 330 2590 regni
353 2527 425 2570 cum
448 2505 633 2592 proceribus
656 2505 731 2582 suis,
755 2511 902 2570 coactum
926 2509 983 2570 est.
1031 2527 1032 2530 ¹

660 2849 786 2916 Lnono
810 2847 869 2916 IX.

286 3031 428 3100 Concilio
452 3035 563 3120 itaque
587 3035 626 3098 de
649 3057 744 3122 grege
768 3033 941 3098 Dominico
957 3055 998 3098 ex
1013 3033 1170 3100 mandato
1193 3055 1285 3120 apos·
1298 3041 1353 3090 The
1364 3037 1434 3102 royal

239 3139 337 3204 tolico
360 3137 396 3202 in
418 3137 551 3200 nomine
573 3135 708 3200 Domini
736 3137 928 3214 coadunato,
953 3141 986 3200 et
1005 3137 1191 3224 ,privilegiis
1213 3143 1284 3200 tam
1296 3115 1449 3224 ffiffl‘ff'

239 3243 357 3306 summi
380 3241 543 3326 pontificis
578 3263 675 3326 quam
710 3263 823 3326 regum
856 3239 892 3304 in
926 3241 1089 3306 communi
1123 3239 1281 3328 perlectis,
1295 3239 1448 3292 tneoouncil

239 3345 347 3410 cuncti
377 3343 507 3408 laudem
530 3347 563 3408 et
588 3335 725 3432 gloriam
749 3345 820 3408 Deo
847 3341 1023 3434 dederunt,
1038 3341 1083 3408 'et
1106 3343 1282 3408 clamantes
1294 3309 1421 3438 {wil

239 3449 406 3526 dixerunt,
433 3449 660 3512 “Benedictus
683 3449 773 3512 Deus
798 3447 864 3526 Qui
890 3469 948 3534 per
971 3469 1080 3512 servos
1104 3469 1178 3512 suos
1201 3447 1389 3560 talia7⁰92ff

239 3557 256 3584 “
279 3557 432 3638 operatur
455 3557 489 3616 et
511 3557 674 3638 praeparat
697 3551 732 3614 in
756 3551 852 3616 terris
868 3551 956 3616 unde
971 3551 1091 3616 animae
1114 3551 1282 3616 salventur
1295 3513 1428 3638 fflflff’

238 3661 254 3686 “
276 3655 313 3718 in
329 3655 426 3720 coelis.
472 3653 542 3716 Nos
557 3677 633 3718 vero
650 3653 804 3740 quicquid
820 3655 855 3718 in
871 3653 931 3718 hac
947 3655 1182 3720 constitutione
1197 3675 1283 3740 papa
1294 3649 1310 3698 i.
1325 3647 1377 3712 72·]

239 3763 255 3788 “
278 3757 472 3824 venerabilis
483 3761 609 3822 exercet
625 3763 659 3820 et
674 3755 821 3844 imperat,
836 3757 1028 3844 suscipimus
1045 3763 1079 3822 et
1094 3757 1281 3838 laudamus;

239 3867 255 3890 “
278 3861 430 3946 quicquid
473 3883 550 3926 vero
589 3881 678 3946 reges
717 3865 750 3926 et
787 3859 951 3948 principes
989 3861 1094 3926 nostri
1133 3859 1169 3922 in
1211 3861 1280 3924 loco

238 3965 255 3994 “
278 3961 452 4028 Ethomme
475 3963 692 4042 contulerunt,
717 3961 923 4028 concedimus
956 3967 990 4026 et
1024 3957 1281 4028 confirmamus.'’

237 4061 300 4128 His
323 4087 399 4130 vero
422 4065 471 4130 ita
494 4065 640 4152 expletis,
665 4071 697 4130 et
721 4065 829 4148 soluta
844 4055 892 4130 'in'
921 4085 999 4150 pace
1030 4053 1182 4130 uniuersa
1205 4085 1279 4152 quae
1294 4087 1426 4140 consecra-

236 4165 313 4232 illuo
335 4175 530 4232 convenerat
553 4169 713 4246 concione,
738 4169 822 4234 sicut
855 4171 969 4232 sancta
1004 4169 1149 4252 synodus
1173 4157 1428 4274 dem'iiiisiim

236 4277 329 4334 verat
352 4271 467 4336 beatus
491 4261 667 4356 Ecgwinus
691 4275 725 4334 et
740 4271 912 4334 Wilfridus
929 4269 1097 4358 episcopus
1113 4271 1155 4334 ad
1170 4269 1277 4334 locum
1291 4289 1444 4352 byWilfrid,

235 4373 407 4456 praefatum
421 4379 643 4458 perrexerunt,
661 4377 693 4436 et
716 4373 824 4458 ipsum
839 4373 875 4436 in
890 4371 1011 4436 honore
1035 4373 1098 4436 Dei
1122 4377 1156 4436 et
1171 4371 1278 4436 beatae
1291 4355 1438 4470 ξξῧξξῇῂοῐ)

236 4471 315 4560 Ejus
340 4475 514 4540 Genitricis
538 4479 571 4540 et
594 4475 815 4562 apostolorum
842 4475 933 4538 Petri
961 4481 994 4538 et
1021 4475 1118 4538 Pauli
1143 4481 1176 4540 et
1211 4497 1278 4540 om·
1291 4485 1358 4536 ΑΒ.
1373 4461 1426 4540 ros.

236 4577 328 4642 nium
352 4579 545 4644 Sanctorum
566 4577 603 4642 in
625 4577 816 4644 festivitate¹
830 4579 1007 4646 eorumdem
1031 4577 1275 4646 dedicaverunt.

236 4677 280 4744 Et
302 4703 345 4746 ex
367 4685 529 4766 praecepto
551 4681 726 4768 apostolico
749 4681 931 4746 constituta
966 4685 1016 4746 est
1047 4679 1169 4746 ibidem
1203 4701 1278 4744 con·
