3300 5666
449 827 651 886 onaomocu
671 829 828 888 aerarias
851 831 897 878 nn
920 829 1088 890 nvnsnlm
1247 815 1290 884 57

249 1017 364 1084 mortis
396 1015 597 1106 jamjamque
627 1017 837 1098 detineretur,
873 1017 1011 1104 ipsomet
1044 1037 1103 1100 pro
1127 1015 1195 1082 filio
1229 1037 1287 1080 suo
1303 1009 1410 1130 lffl·

248 1125 397 1186 sanctum
437 1121 628 1206 Ecgwinum
666 1107 799 1184 devote
827 1119 1074 1206 supplicaturus,
1124 1121 1287 1204 comperta
1301 1085 1455 1220 Cure-diget

247 1223 349 1308 ipsius
369 1221 465 1298 fama,
490 1241 561 1286 cum
589 1221 722 1286 candela
748 1225 781 1286 et
806 1221 971 1286 oblatione
998 1221 1038 1284 ad
1067 1219 1136 1304 ejus
1160 1241 1287 1284 monas·
1300 1237 1440 1290 thonnor

250 1325 366 1390 terium
397 1323 537 1390 accessit.
584 1321 713 1388 Indixit
735 1327 853 1388 ,tamen
883 1323 950 1392 suis
977 1323 1162 1388 hominibus
1194 1327 1285 1388 ante·
1300 1303 1421 1422 {libii

246 1447 344 1510 quam
374 1447 394 1488 a
424 1427 517 1490 domo
544 1445 609 1510 qua
639 1425 789 1488 infirmus
815 1423 949 1508 jacebat
980 1425 1168 1506 discederet,
1195 1429 1244 1496 ut,
1257 1423 1284 1488 si
1299 1439 1420 1490 maisnile

244 1513 378 1592 interim
407 1547 488 1612 puer
518 1525 712 1592 morireturl
746 1525 809 1590 sibi
833 1547 907 1592 cum
930 1527 1140 1594 festinatione
1172 1527 1285 1592 statim
1299 1509 1411 1558 steward.

246 1627 459 1694 nuntiaretur.
506 1627 648 1694 Veniens
677 1627 783 1714 igitur
812 1627 855 1692 ad
879 1629 1045 1710 ecclesiam
1076 1633 1198 1698 sanctae
1221 1629 1284 1694 Dei

246 1729 419 1796 Genitriois
443 1731 556 1796 Mariae
580 1729 747 1814 sanctique
764 1731 919 1818 linguiri,
944 1753 1050 1796 coram
1072 1723 1175 1798 altare
1197 1751 1285 1796 acce-

245 1833 329 1912 dere,
354 1837 451 1918 caput
473 1833 655 1898 humillime
677 1833 713 1898 in
735 1837 857 1898 terram
890 1835 1061 1912 declinare,
1085 1831 1285 1898 oblationem

245 1935 371 2012 offerre,
396 1935 503 2000 Deum
527 1935 714 2022 suppliciter
743 1935 886 2012 adorare,
910 1937 1124 2020 sanctumque
1155 1935 1283 2018 Ecgwi·

198 2117 201 2124 ἱ
244 2061 323 2102 num
347 2057 420 2102 omn
449 2037 621 2124 lachrymis
653 2037 770 2102 devote
799 2059 858 2124 pro
889 2037 957 2102 filio
988 2057 1122 2102 exorare
1145 2039 1285 2120 studuit,

245 2139 360 2224 Ibique
383 2143 454 2204 tota
480 2139 534 2204 die
557 2163 630 2206 oum
656 2141 804 2226 sequenti
832 2147 926 2206 nocte
951 2141 987 2212 in
1010 2139 1133 2226 vigiliis
1156 2145 1190 2204 et
1214 2161 1283 2204 ora-

242 2243 396 2318 tionibus,
431 2243 600 2310 ardentem
631 2243 798 2306 candelam
827 2243 978 2308 manibus
1014 2243 1180 2330 gestando
1212 2265 1284 2328 per·

242 2343 369 2436 mansit,
382 2343 509 2428 saepius
533 2345 624 2412 humi
650 2367 682 2408 se
697 2355 925 2432 prosternens
938 2349 971 2408 et
995 2351 1108 2430 pectus
1132 2345 1282 2422 tundens,
1317 2401 1318 2404 ,

242 2445 342 2514 donec
372 2467 467 2510 mano
489 2445 575 2510 facto
598 2447 639 2510 ad
661 2431 867 2512 revisendam
891 2447 1014 2534 prolem
1046 2437 1122 2512 eum
1154 2447 1282 2512 animus

149 2551 150 2554 ’
240 2547 453 2632 compulisset.
501 2545 721 2634 Oblata'ergo
749 2549 899 2632 portione
927 2549 1070 2612 candelae
1094 2551 1127 2612 et
1148 2547 1282 2612 licentia

240 2673 259 2714 a
290 2653 399 2714 sancto
430 2649 543 2734 petita,
576 2671 649 2716 cum
679 2669 734 2734 spe
765 2651 852 2714 iter:
865 2653 1070 2734 assumptum
1107 2649 1278 2734 relegebat.
1333 2701 1335 2706 ,

239 2751 284 2814 Et
300 2771 369 2814 ecce
392 2771 477 2814 unns
499 2771 541 2812 ex
555 2751 621 2814 suis
644 2749 680 2812 in
702 2749 809 2814 medio
827 2751 952 2816 itineris
970 2771 1145 2828 occurrens,
1162 2771 1281 2818 renun-

239 2853 338 2918 tiavit
368 2853 498 2918 domino
536 2851 702 2938 proprium
741 2853 845 2918 filiurn
881 2853 1088 2918 sanissimum
1121 2851 1278 2918 effectum.

239 2953 381 3020 Miratur
410 2959 525 3040 pater3
549 2953 648 3038 jubet
678 2959 717 3020 ut
741 2955 872 3038 quando
903 2955 955 3018 vel
986 2953 1147 3038 quomodo
1178 2953 1214 3016 id
1237 2955 1281 3018 sit

238 3057 360 3120 factum
392 3057 504 3122 edicat.
567 3053 629 3120 Oui
666 3055 816 3140 famulus,
857 3063 874 3092 ‘⁴
889 3057 997 3134 Quum
1035 3055 1126 3122 luteo
1164 3051 1280 3122 aurora

239 3167 254 3194 “
276 3157 371 3232 hodie
402 3159 589 3224 claresceret
619 3163 653 3224 et
675 3157 780 3224 lucem
803 3158 933 3224 solitam
956 3179 1014 3244 per
1037 3159 1108 3224 coeli
1130 3161 1278 3224 centrum

238 3269 254 3296 “
276 3261 485 3336 diffunderet,
503 3259 697 3344 qualitatem
720 3261 798 3324 facti
821 3261 915 3326 nobis
930 3259 1158 3346 ignorantibus
1180 3281 1278 3324 sanus

239 3369 254 3396 “
277 3363 426 3448 apparuit
450 3365 558 3426 vester
580 3359 693 3428 filius.’'
723 3361 886 3426 ,Audiens
901 3363 960 3428 hoc
982 3363 1082 3448 pater,
1110 3363 1278 3454 ardentius

179 3547 180 3550 Ἴ
236 3463 299 3528 iter
320 3485 499 3550 aggressus,
531 3461 573 3526 ad
604 3463 758 3528 dilectam
788 3463 931 3552 sobolem
959 3463 1110 3550 pervenit
1141 3467 1278 3548 quanto-

159 3589 160 3596 *
236 3565 310 3630 cius.
356 3565 537 3630 Accurrens
558 3563 661 3650 igitur
685 3559 771 3630 filius
798 3565 939 3644 obviam,
963 3571 1091 3650 patrem
1121 3587 1219 3628 sanus
1243 3569 1275 3630 et
1372 3581 1374 3588 ’

153 3741 154 3744 ¹
234 3667 405 3736 incolumis
419 3665 634 3752 amplectitur,
651 3665 836 3736 funduntur
858 3689 932 3734 cum
953 3667 1074 3754 gaudio
1089 3667 1275 3752 lachrymae,

236 3769 340 3836 sancti
363 3767 512 3854 Ecgwini
539 3767 702 3856 magnalia
731 3769 951 3854 pradicantur
980 3771 1163 3854 utrobique.
1209 3769 1275 3834 Hic
1359 3803 1361 3810 ·

233 3875 325 3956 pater
355 3881 439 3938 cum
454 3869 530 3950 filio,
561 3869 651 3936 illinc
682 3873 787 3936 omnis
812 3893 952 3958 prasens
975 3871 1106 3950 familia,
1130 3871 1275 3936 maximo

233 3973 376 4060 tripudio
399 3973 579 4038 resonabat.
624 3961 678 4036 Ad
701 3971 856 4038 ultimum
878 3971 1064 4038 sciscitatur
1080 3973 1194 4038 'filium
1217 3995 1273 4058 pa

233 4079 283 4138 ter
312 4075 473 4160 quomodo
506 4073 536 4138 ei
568 4075 690 4140 sanitas
728 4073 905 4142 adveniret.
968 4073 1133 4160 “Novit,”
1163 4073 1273 4160 inquit

232 4175 326 4254 filius,
352 4175 595 4260 “Omnipotens
617 4175 707 4240 Deus
730 4195 783 4240 me
810 4195 927 4240 sanum
950 4195 1026 4254 esse,
1052 4175 1108 4240 sed
1131 4175 1271 4260 qualiter

233 4287 249 4314 “
271 4277 354 4344 mihi
375 4279 498 4344 sanitas
514 4279 666 4364 acciderit
688 4275 882 4364 ignorare.'’¹
911 4277 1002 4344 Tunc
1024 4277 1144 4342 iterum
1160 4299 1270 4342 omnes

176 4389 177 4392 ’
232 4381 465 4446 benedicebant
495 4381 674 4446 Dominum
696 4385 746 4444 'ct
781 4385 931 4446 sanctum
966 4379 1170 4466 Eogwinum,
1212 4403 1268 4466 per

231 4505 327 4570 quem
348 4483 415 4550 tale
437 4481 632 4550 miraculum
653 4483 828 4572 insigniter
850 4489 900 4550 est
922 4481 1134 4570 propalatum.

469 4727 470 4730 ’
518 4705 519 4708 ¹
557 4727 564 4758 ¹
576 4727 714 4796 moriretur]
727 4733 870 4792 moreretur,
881 4729 938 4782 MS.

929 4947 947 4980 N
