3308 5666
358 791 419 854 120
554 809 752 860 cnuouroou
777 809 933 858 harimnu
956 809 1002 856 ou
1025 809 1194 860 Evaserant.

191 973 465 1052 A.1).1usa.“b1=is
504 987 695 1064 correxistis,
731 987 764 1050 et
799 983 844 1048 sic
879 987 914 1048 in
944 987 1143 1070 possessione
1178 985 1263 1070 juris
1297 981 1399 1046 vestri

358 1093 375 1124 “
399 1095 432 1154 et
463 1089 568 1154 nostri
599 1085 772 1154 constituti
809 1087 915 1172 estis„
941 1087 1036 1174 Ergo,
1067 1085 1204 1166 domine,
1236 1083 1400 1154 defendite

359 1199 375 1224 “
399 1197 508 1278 partes
530 1197 657 1258 vestras
688 1195 721 1256 et
749 1211 827 1278 oves
842 1189 1000 1280 vestras’f
1062 1189 1107 1255 Et
1134 1191 1401 1276 archiepiscopus,

359 1301 375 1328 “
400 1293 488 1358 Bene
518 1293 725 1358 meminimus
759 1291 906 1356 omnium
928 1291 1054 1372 horum,
1078 1295 1111 1356 et
1137 1293 1287 1358 nolumus
1314 1293 1401 1376 quod

361 1403 378 1428 ‘¹
402 1395 552 1460 omuibus
575 1396 683 1480 palam
706 1393 823 1484 dicatis
846 1393 902 1458 sed
919 1393 1138 1472 dissimuletis,
1155 1395 1232 1478 quia
1248 1415 1306 1478 por
1328 1393 1402 1460 bec-

362 1503 379 1530 ‘⁴
402 1502 474 1563 turn
508 1495 680 1562 lulianum
716 1517 775 1562 nec
804 1493 861 1580 jus
893 1500 1043 1560 nostrum
1079 1517 1137 1560 nec
1171 1495 1403 1580 possessiouem

360 1603 378 1632 ‘⁶
402 1599 559 1682 quamdiu
590 1599 778 1676 vixerimus,
802 1595 873 1664 Deo
896 1599 1005 1676 dante,
1029 1595 1243 1664 amittemus.’'
1292 1597 1404 1686 Igitur

363 1703 430 1766 tam
452 1701 489 1764 in
511 1699 633 1764 divinis
655 1699 767 1768 officiis
790 1721 888 1786 quam
910 1699 948 1764 in
970 1691 1081 1766 mensa
1098 1699 1214 1785 junxit
1236 1721 1287 1766 me
1309 1703 1405 1769 lateri

360 1827 418 1868 suo
448 1825 506 1888 per
527 1809 596 1894 tres
620 1805 699 1884 dies,
723 1810 757 1871 et
780 1825 883 1888 quum
908 1805 1098 1888 accepissem
1124 1805 1232 1868 cibum
1262 1825 1337 1870 cum
1367 1827 1404 1868 eo

195 1925 262 1990 Aug.
276 1931 314 1974 sc.
361 1905 563 1973 confortatus
586 1929 665 1970 sum.
714 1905 826 1972 Tertia
852 1927 929 1970 vero
952 1905 1008 1970 die
1028 1905 1178 1970 obviavit
1201 1905 1294 1970 nobis
1316 1907 1404 1994 opud

195 1993 306 2122 ἓξὲξ
362 2009 641 2096 Haueringedune
667 2011 824 2096 magister
845 2007 869 2072 J
871 2009 1014 2072 ohannes
1038 2007 1078 2072 de
1102 2007 1247 2088 Corneio,
1272 2009 1406 2074 clericus

196 2133 315 2174 comesto
362 2111 503 2198 episcopi
533 2113 765 2198 Wigornensis,
792 2111 846 2174 vir
873 2111 908 2174 in
935 2109 1010 2194 jure
1035 2111 1188 2176 canonico
1212 2111 1308 2176 valde
1333 2135 1406 2196 pro-

194 2193 316 2322 {lhfflffh'
361 2213 457 2278 fundi
479 2215 635 2300 pectoris,
662 2218 695 2279 et
718 2213 866 2279 narravit
898 2213 1029 2276 domino
1054 2211 1284 2278 (lantuariensi
1312 2215 1406 2280 modo

195 2327 261 2404 from
273 2327 314 2376 the
363 2339 421 2380 suo
452 2339 490 2380 ea
521 2339 593 2402 quae
623 2317 710 2382 sacta
733 2315 873 2392 fuerant,
895 2323 1009 2400 petens
1031 2315 1309 2382 confirmationem
1336 2339 1407 2382 sen-

196 2393 343 2510 liffisssssgl„
363 2421 479 2484 tentiae
500 2419 640 2504 episcopi
663 2419 843 2498 instanter,
858 2425 892 2482 et
908 2439 967 2506 ego
990 2419 1023 2482 in
1049 2420 1163 2484 multis
1185 2419 1407 2484 contradicens

364 2521 392 2586 oi
416 2523 496 2608 petii
521 2521 782 2586 constantissime
804 2513 1063 2588 infirmationem
1085 2519 1239 2606 ejusdem.
1287 2521 1331 2586 Et
1359 2543 1410 2586 ar-

278 2685 279 2688 ,
364 2623 591 2710 chlepiscopus,
617 2633 633 2658 “
649 2625 807 2710 Magister
822 2623 1000 2702 lohannes,
1025 2625 1175 2708 quaedam
1197 2623 1246 2688 ita
1270 2627 1348 2688 sunt
1370 2629 1409 2686 ut
1497 2625 1498 2628 ’

365 2739 380 2764 “
404 2731 519 2810 dicitis,
554 2731 705 2818 quaedam
732 2743 807 2796 non
863 2729 929 2794 Sed
944 2733 945 2736 ’
959 2731 1042 2796 bene
1073 2731 1190 2796 scimus
1227 2729 1313 2816 quod
1345 2729 1410 2814 epi-

366 2839 382 2868 “
407 2857 519 2922 scopus
541 2843 650 2900 vester
674 2857 741 2900 non
757 2833 796 2898 de
820 2831 952 2898 consilio
967 2837 1138 2900 vestront
1162 2833 1332 2912 credimus
1355 2831 1410 2898 sed

368 2939 517 3024 “potius
551 2939 700 3024 magistri
731 2935 891 3002 Willelmi
923 2935 962 3002 de
997 2935 1133 3000 Vardun
1164 2936 1264 3000 talem
1301 2933 1413 3020 proeci-

257 3033 261 3048 '
354 3047 385 3076 ·“
408 3041 530 3126 pitavit
554 3041 761 3120 sententiam,
785 3061 851 3104 non
867 3037 1014 3104 deferens
1038 3039 1258 3122 appellationi,
1282 3041 1317 3102 in
1340 3043 1412 3102 tan-

368 3149 386 3178 “'
408 3148 480 3208 tum
507 3148 715 3224 conventum,
748 3141 841 3206 nobis
872 3139 1094 3206 inconsultis.''
1149 3141 1194 3204 Et
1225 3161 1339 3206 revera
1372 3139 1412 3204 de

368 3245 498 3310 consilio
530 3245 690 3311 Willehni
731 3245 804 3322 fuit,
839 3245 923 3308 sicut
954 3245 1045 3328 prius
1074 3243 1309 3332 archiepiscopo
1341 3263 1414 3328 sug·

203 3359 340 3438 rheam-
368 3369 537 3436 gesseram.
605 3357 621 3382 “
638 3347 721 3428 ite,''
754 3347 863 3432 inquit
896 3347 1163 3432 archiepiscopus
1197 3353 1265 3410 “et
1297 3343 1414 3430 quinta

202 3427 344 3560 ξξζῗξέξ
370 3457 387 3484 “
411 3451 464 3514 die
486 3451 665 3534 posthanc
688 3437 903 3536 compareatis
926 3471 1034 3514 coram
1058 3447 1262 3534 nobisapud
1286 3447 1413 3534 Wigor-

205 3561 347 3624 enanyae
371 3563 389 3588 “
411 3555 510 3634 niam,
540 3559 573 3620 et
607 3557 654 3620 ibi
687 3555 773 3640 quod
803 3553 933 3638 justum
966 3551 1066 3616 fuerit
1101 3551 1310 3618 statuemus?
1371 3549 1416 3612 Et

204 3629 351 3678 Woroesur.
371 3659 502 3740 accepta
536 3657 762 3722 benedictione
791 3655 985 3722 recessimus.
1043 3655 1087 3722 Et
1121 3677 1222 3738 quum
1256 3653 1448 3722 venissem.¹

359 3757 505 3822 ‘domum
528 3761 681 3824 nuntiari
703 3759 859 3824 fratribus
883 3779 956 3844 quoe
980 3757 1067 3822 facta
1094 3755 1234 3836 fuerant,
1266 3757 1331 3844 qui,
1362 3777 1418 3842 ga·

343 3885 346 3896 *
373 3861 434 3924 uisi
458 3861 574 3946 gaudio
596 3883 723 3950 magno,
748 3861 924 3926 cantabant
948 3867 982 3926 ot
1004 3861 1135 3928 flebant.

374 4101 424 4168 Do
458 4101 649 4184 acceptione
672 4099 812 4164 itineris
838 4099 966 4164 catholic
987 4085 1038 4164 'ccl
1065 4097 1202 4166 cccl-inm
1223 4099 1421 4166 Romcuom‘

464 4213 493 4274 ct
522 4203 730 4268 revocatione
761 4199 915 4286 cjcoodcoa
942 4209 971 4266 ct
995 4223 1077 4286 paco
1115 4199 1302 4286 reformato
1327 4199 1419 4264 inter

466 4327 542 4372 cnm
564 4311 593 4370 ct
623 4309 829 4370 cccccccccc.

422 4433 534 4496 Abbas
557 4451 632 4496 vero
655 4437 765 4494 noster
788 4427 976 4494 secesserat¹
994 4431 1082 4516 apud
1105 4427 1260 4508 Baddebi,
1285 4433 1318 4494 et
1340 4451 1420 4512 prae-

377 4533 506 4616 paravit
530 4553 563 4594 se
579 4533 620 4594 ad
636 4533 699 4596 iter
721 4537 760 4594 ut
784 4529 920 4594 Romam
936 4529 1008 4610 iret,
1019 4531 1089 4614 jam
1113 4533 1199 4596 enim
1223 4532 1315 4616 pleno
1331 4553 1421 4616 spem

383 4685 678 4692 ——w-—m—-mm
683 4683 1374 4692 .-....---—----=—.—---.——.—.-·—-.„--v-.-..---.----.-..--—-u-—--..--
1383 4685 1418 4694 ,ηψ-

710 4763 715 4790 ¹
728 4761 872 4824 cosmocrat]
887 4769 1028 4820 secesserat,
1041 4763 1095 4810 MS.
