<?xml version="1.0" encoding="UTF-8"?>
<!DOCTYPE html PUBLIC "-//W3C//DTD XHTML 1.0 Transitional//EN"
    "http://www.w3.org/TR/xhtml1/DTD/xhtml1-transitional.dtd">
<html xmlns="http://www.w3.org/1999/xhtml" xml:lang="en" lang="en">
 <head>
  <title>
</title>
<meta http-equiv="Content-Type" content="text/html;charset=utf-8" />
  <meta name='ocr-system' content='tesseract 3.04.00' />
  <meta name='ocr-capabilities' content='ocr_page ocr_carea ocr_par ocr_line ocrx_word'/>
</head>
<body>
  <div class='ocr_page' id='page_1' title='image "./chroniconabbati01marlgoog/chroniconabbati01marlgoog_0109.png"; bbox 0 0 3300 5666; ppageno 0'>
   <div class='ocr_carea' id='block_1_1' title="bbox 406 787 1237 860">
    <p class='ocr_par' dir='ltr' id='par_1_1' title="bbox 406 787 1237 860">
     <span class='ocr_line' id='line_1_1' title="bbox 406 787 1237 860; baseline -0.007 -6"><span class='ocrx_word' id='word_1_1' title='bbox 406 803 604 856; x_wconf 76' lang='lat' dir='ltr'>CHRONIOON</span> <span class='ocrx_word' id='word_1_2' title='bbox 626 803 782 854; x_wconf 80' lang='lat' dir='ltr'>ABBATIAE</span> <span class='ocrx_word' id='word_1_3' title='bbox 805 803 852 854; x_wconf 84' lang='lat' dir='ltr'><strong>DE</strong></span> <span class='ocrx_word' id='word_1_4' title='bbox 873 803 1042 854; x_wconf 72' lang='lat' dir='ltr'><strong>KVESHAM.</strong></span> <span class='ocrx_word' id='word_1_5' title='bbox 1198 787 1237 860; x_wconf 85' lang='lat'><strong>51</strong></span> 
     </span>
    </p>
   </div>
   <div class='ocr_carea' id='block_1_2' title="bbox 203 973 1362 1076">
    <p class='ocr_par' dir='ltr' id='par_1_2' title="bbox 203 973 1362 1076">
     <span class='ocr_line' id='line_1_2' title="bbox 203 973 1362 1076; baseline 0.003 -32"><span class='ocrx_word' id='word_1_6' title='bbox 203 977 306 1044; x_wconf 87' lang='lat' dir='ltr'><strong>sancti</strong></span> <span class='ocrx_word' id='word_1_7' title='bbox 343 977 591 1072; x_wconf 82' lang='lat' dir='ltr'><strong>misericordiam</strong></span> <span class='ocrx_word' id='word_1_8' title='bbox 639 979 837 1064; x_wconf 71' lang='lat' dir='ltr'><strong>expetiisset,</strong></span> <span class='ocrx_word' id='word_1_9' title='bbox 875 979 957 1042; x_wconf 93' lang='lat' dir='ltr'><strong>adeo</strong></span> <span class='ocrx_word' id='word_1_10' title='bbox 1008 973 1149 1062; x_wconf 85' lang='lat' dir='ltr'><strong>quadam</strong></span> <span class='ocrx_word' id='word_1_11' title='bbox 1185 973 1239 1046; x_wconf 82' lang='lat' dir='ltr'><strong>die</strong></span> <span class='ocrx_word' id='word_1_12' title='bbox 1293 1025 1362 1076; x_wconf 87' lang='lat' dir='ltr'><strong>A.D.</strong></span> 
     </span>
    </p>
   </div>
   <div class='ocr_carea' id='block_1_3' title="bbox 197 1077 1393 1760">
    <p class='ocr_par' dir='ltr' id='par_1_3' title="bbox 200 1077 1393 1472">
     <span class='ocr_line' id='line_1_3' title="bbox 205 1077 1393 1168; baseline -0.004 -22"><span class='ocrx_word' id='word_1_13' title='bbox 205 1103 295 1148; x_wconf 84' lang='lat' dir='ltr'><strong>suaru</strong></span> <span class='ocrx_word' id='word_1_14' title='bbox 333 1079 490 1168; x_wconf 87' lang='lat' dir='ltr'><strong>pietatem</strong></span> <span class='ocrx_word' id='word_1_15' title='bbox 523 1079 692 1168; x_wconf 81' lang='lat' dir='ltr'><strong>magnifice</strong></span> <span class='ocrx_word' id='word_1_16' title='bbox 733 1079 908 1148; x_wconf 81' lang='lat' dir='ltr'><strong>declaravit</strong></span> <span class='ocrx_word' id='word_1_17' title='bbox 951 1077 1164 1166; x_wconf 86' lang='lat' dir='ltr'><strong>Omnipotens</strong></span> <span class='ocrx_word' id='word_1_18' title='bbox 1198 1085 1238 1148; x_wconf 83' lang='lat' dir='ltr'><strong>ut</strong></span> <span class='ocrx_word' id='word_1_19' title='bbox 1257 1097 1314 1140; x_wconf 80' lang='lat' dir='ltr'><strong>cote</strong></span> <span class='ocrx_word' id='word_1_20' title='bbox 1324 1095 1393 1142; x_wconf 84' lang='grc'>1000.</span> 
     </span>
     <span class='ocr_line' id='line_1_4' title="bbox 203 1181 1238 1268; baseline 0.002 -18"><span class='ocrx_word' id='word_1_21' title='bbox 203 1187 297 1250; x_wconf 83' lang='lat' dir='ltr'><strong>tanta</strong></span> <span class='ocrx_word' id='word_1_22' title='bbox 325 1183 361 1250; x_wconf 90' lang='lat' dir='ltr'><strong>vi</strong></span> <span class='ocrx_word' id='word_1_23' title='bbox 383 1183 501 1250; x_wconf 85' lang='lat' dir='ltr'><strong>fenum</strong></span> <span class='ocrx_word' id='word_1_24' title='bbox 532 1183 573 1250; x_wconf 92' lang='lat' dir='ltr'><strong>ab</strong></span> <span class='ocrx_word' id='word_1_25' title='bbox 596 1185 725 1250; x_wconf 89' lang='lat' dir='ltr'><strong>infirmo</strong></span> <span class='ocrx_word' id='word_1_26' title='bbox 746 1183 922 1250; x_wconf 83' lang='lat' dir='ltr'><strong>excusserit</strong></span> <span class='ocrx_word' id='word_1_27' title='bbox 952 1181 1039 1268; x_wconf 91' lang='lat' dir='ltr'><strong>quod</strong></span> <span class='ocrx_word' id='word_1_28' title='bbox 1067 1181 1238 1268; x_wconf 82' lang='lat' dir='ltr'><strong>longiusa</strong></span> 
     </span>
     <span class='ocr_line' id='line_1_5' title="bbox 202 1283 1235 1374; baseline 0 -24"><span class='ocrx_word' id='word_1_29' title='bbox 202 1285 331 1374; x_wconf 87' lang='lat' dir='ltr'><strong>propria</strong></span> <span class='ocrx_word' id='word_1_30' title='bbox 345 1285 419 1354; x_wconf 90' lang='lat' dir='ltr'><strong>sede</strong></span> <span class='ocrx_word' id='word_1_31' title='bbox 434 1287 578 1350; x_wconf 90' lang='lat' dir='ltr'><strong>resiliens</strong></span> <span class='ocrx_word' id='word_1_32' title='bbox 595 1291 697 1352; x_wconf 86' lang='lat' dir='ltr'><strong>totam</strong></span> <span class='ocrx_word' id='word_1_33' title='bbox 718 1285 882 1352; x_wconf 90' lang='lat' dir='ltr'><strong>ecclesiam</strong></span> <span class='ocrx_word' id='word_1_34' title='bbox 897 1285 1057 1352; x_wconf 89' lang='lat' dir='ltr'><strong>tinnitum</strong></span> <span class='ocrx_word' id='word_1_35' title='bbox 1071 1283 1235 1356; x_wconf 86' lang='lat' dir='ltr'><strong>intentam</strong></span> 
     </span>
     <span class='ocr_line' id='line_1_6' title="bbox 200 1385 1235 1472; baseline 0.002 -20"><span class='ocrx_word' id='word_1_36' title='bbox 200 1385 386 1466; x_wconf 71' lang='lat' dir='ltr'><strong>reddiderit,</strong></span> <span class='ocrx_word' id='word_1_37' title='bbox 417 1389 540 1452; x_wconf 89' lang='lat' dir='ltr'><strong>cunctis</strong></span> <span class='ocrx_word' id='word_1_38' title='bbox 570 1391 627 1472; x_wconf 92' lang='lat' dir='ltr'><strong>qui</strong></span> <span class='ocrx_word' id='word_1_39' title='bbox 656 1387 791 1454; x_wconf 84' lang='lat' dir='ltr'><strong>adorant</strong></span> <span class='ocrx_word' id='word_1_40' title='bbox 829 1387 1025 1454; x_wconf 84' lang='lat' dir='ltr'><strong>mirantibus</strong></span> <span class='ocrx_word' id='word_1_41' title='bbox 1064 1391 1098 1454; x_wconf 83' lang='lat' dir='ltr'><strong>et</strong></span> <span class='ocrx_word' id='word_1_42' title='bbox 1127 1385 1235 1454; x_wconf 88' lang='lat' dir='ltr'><strong>Deum</strong></span> 
     </span>
    </p>

    <p class='ocr_par' dir='ltr' id='par_1_4' title="bbox 197 1487 1235 1676">
     <span class='ocr_line' id='line_1_7' title="bbox 200 1487 1235 1568; baseline 0.006 -16"><span class='ocrx_word' id='word_1_43' title='bbox 200 1511 265 1554; x_wconf 90' lang='lat' dir='ltr'><strong>una</strong></span> <span class='ocrx_word' id='word_1_44' title='bbox 287 1487 469 1556; x_wconf 89' lang='lat' dir='ltr'><strong>dulcimode</strong></span> <span class='ocrx_word' id='word_1_45' title='bbox 492 1487 710 1564; x_wconf 78' lang='lat' dir='ltr'><strong>laudantibus,</strong></span> <span class='ocrx_word' id='word_1_46' title='bbox 737 1487 802 1568; x_wconf 72' lang='lat' dir='ltr'><strong>Qui</strong></span> <span class='ocrx_word' id='word_1_47' title='bbox 820 1493 915 1554; x_wconf 90' lang='lat' dir='ltr'><strong>tanta</strong></span> <span class='ocrx_word' id='word_1_48' title='bbox 941 1493 975 1556; x_wconf 88' lang='lat' dir='ltr'><strong>et</strong></span> <span class='ocrx_word' id='word_1_49' title='bbox 999 1491 1068 1554; x_wconf 90' lang='lat' dir='ltr'><strong>tam</strong></span> <span class='ocrx_word' id='word_1_50' title='bbox 1094 1489 1177 1556; x_wconf 87' lang='lat' dir='ltr'><strong>mira</strong></span> <span class='ocrx_word' id='word_1_51' title='bbox 1197 1489 1235 1558; x_wconf 91' lang='lat' dir='ltr'><strong>in</strong></span> 
     </span>
     <span class='ocr_line' id='line_1_8' title="bbox 197 1589 1233 1676; baseline -0.002 -18"><span class='ocrx_word' id='word_1_52' title='bbox 197 1589 372 1660; x_wconf 82' lang='lat' dir='ltr'><strong>sanctis&#39;et</strong></span> <span class='ocrx_word' id='word_1_53' title='bbox 393 1613 451 1676; x_wconf 90' lang='lat' dir='ltr'><strong>per</strong></span> <span class='ocrx_word' id='word_1_54' title='bbox 476 1595 603 1658; x_wconf 86' lang='lat' dir='ltr'><strong>sanctos</strong></span> <span class='ocrx_word' id='word_1_55' title='bbox 626 1611 701 1658; x_wconf 89' lang='lat' dir='ltr'><strong>suos</strong></span> <span class='ocrx_word' id='word_1_56' title='bbox 722 1589 932 1658; x_wconf 86' lang='lat' dir='ltr'><strong>manifestare</strong></span> <span class='ocrx_word' id='word_1_57' title='bbox 956 1589 1113 1676; x_wconf 80' lang='lat' dir='ltr'><strong>dignatur</strong></span> <span class='ocrx_word' id='word_1_58' title='bbox 1135 1591 1233 1662; x_wconf 78' lang='lat' dir='ltr'><strong>mira</strong></span> 
     </span>
    </p>

    <p class='ocr_par' dir='ltr' id='par_1_5' title="bbox 198 1695 276 1760">
     <span class='ocr_line' id='line_1_9' title="bbox 198 1695 276 1760; baseline 0 -2"><span class='ocrx_word' id='word_1_59' title='bbox 198 1695 276 1760; x_wconf 87' lang='lat' dir='ltr'><strong>cula.</strong></span> 
     </span>
    </p>
   </div>
   <div class='ocr_carea' id='block_1_4' title="bbox 197 2015 1231 2204">
    <p class='ocr_par' dir='ltr' id='par_1_6' title="bbox 197 2015 1231 2204">
     <span class='ocr_line' id='line_1_10' title="bbox 197 2015 1231 2102; baseline 0 -18"><span class='ocrx_word' id='word_1_60' title='bbox 197 2015 579 2102; x_wconf 71' lang='lat' dir='ltr'><strong>Quclttcrdpcrclcalsuc</strong></span> <span class='ocrx_word' id='word_1_61' title='bbox 605 2015 789 2084; x_wconf 75' lang='lat' dir='ltr'><strong>monachus</strong></span> <span class='ocrx_word' id='word_1_62' title='bbox 803 2015 893 2084; x_wconf 76' lang='lat' dir='ltr'><strong>uidit</strong></span> <span class='ocrx_word' id='word_1_63' title='bbox 923 2015 1231 2084; x_wconf 74' lang='lat' dir='ltr'><strong>tactumllccicaa</strong></span> 
     </span>
     <span class='ocr_line' id='line_1_11' title="bbox 462 2117 964 2204; baseline 0.004 -22"><span class='ocrx_word' id='word_1_64' title='bbox 462 2117 558 2204; x_wconf 81' lang='lat' dir='ltr'><strong>opud</strong></span> <span class='ocrx_word' id='word_1_65' title='bbox 581 2117 742 2186; x_wconf 81' lang='lat' dir='ltr'><strong>Eccsbom</strong></span> <span class='ocrx_word' id='word_1_66' title='bbox 764 2117 807 2184; x_wconf 78' lang='lat' dir='ltr'><strong>ta</strong></span> <span class='ocrx_word' id='word_1_67' title='bbox 828 2123 964 2204; x_wconf 72' lang='lat' dir='ltr'><strong>cryptis.</strong></span> 
     </span>
    </p>
   </div>
   <div class='ocr_carea' id='block_1_5' title="bbox 166 2265 1504 4700">
    <p class='ocr_par' dir='ltr' id='par_1_7' title="bbox 166 2265 1504 4700">
     <span class='ocr_line' id='line_1_12' title="bbox 236 2265 1375 2360; baseline 0 -24"><span class='ocrx_word' id='word_1_68' title='bbox 236 2271 285 2336; x_wconf 85' lang='lat' dir='ltr'><strong>Ea</strong></span> <span class='ocrx_word' id='word_1_69' title='bbox 321 2275 514 2358; x_wconf 79' lang='lat' dir='ltr'><strong>tempestate</strong></span> <span class='ocrx_word' id='word_1_70' title='bbox 551 2265 735 2338; x_wconf 84' lang='lat' dir='ltr'><strong>solemnitas</strong></span> <span class='ocrx_word' id='word_1_71' title='bbox 773 2271 876 2340; x_wconf 87' lang='lat' dir='ltr'><strong>sancti</strong></span> <span class='ocrx_word' id='word_1_72' title='bbox 907 2271 1056 2360; x_wconf 84' lang='lat' dir='ltr'><strong>Ecgwini</strong></span> <span class='ocrx_word' id='word_1_73' title='bbox 1087 2273 1230 2336; x_wconf 82' lang='lat' dir='ltr'><strong>maxima</strong></span> <span class='ocrx_word' id='word_1_74' title='bbox 1243 2295 1334 2348; x_wconf 83' lang='lat' dir='ltr'><strong>vision</strong></span> <span class='ocrx_word' id='word_1_75' title='bbox 1346 2297 1375 2348; x_wconf 79' lang='lat' dir='ltr'><strong>of</strong></span> 
     </span>
     <span class='ocr_line' id='line_1_13' title="bbox 193 2359 1392 2480; baseline 0 -42"><span class='ocrx_word' id='word_1_76' title='bbox 193 2395 265 2438; x_wconf 89' lang='lat' dir='ltr'><strong>cum</strong></span> <span class='ocrx_word' id='word_1_77' title='bbox 287 2375 495 2442; x_wconf 84' lang='lat' dir='ltr'><strong>veneratione</strong></span> <span class='ocrx_word' id='word_1_78' title='bbox 519 2359 839 2442; x_wconf 85' lang='lat' dir='ltr'><strong>honorificentissime</strong></span> <span class='ocrx_word' id='word_1_79' title='bbox 863 2375 1094 2454; x_wconf 79' lang='lat' dir='ltr'><strong>celebrabatur,</strong></span> <span class='ocrx_word' id='word_1_80' title='bbox 1117 2375 1228 2460; x_wconf 90' lang='lat' dir='ltr'><strong>populi</strong></span> <span class='ocrx_word' id='word_1_81' title='bbox 1241 2363 1392 2480; x_wconf 53' lang='lat' dir='ltr'><strong>{gffbffil</strong></span> 
     </span>
     <span class='ocr_line' id='line_1_14' title="bbox 191 2443 1504 2562; baseline 0.002 -20"><span class='ocrx_word' id='word_1_82' title='bbox 191 2477 289 2544; x_wconf 88' lang='lat' dir='ltr'><strong>etiarn</strong></span> <span class='ocrx_word' id='word_1_83' title='bbox 326 2475 505 2540; x_wconf 90' lang='lat' dir='ltr'><strong>multitudo</strong></span> <span class='ocrx_word' id='word_1_84' title='bbox 530 2475 679 2540; x_wconf 83' lang='lat' dir='ltr'><strong>certatim</strong></span> <span class='ocrx_word' id='word_1_85' title='bbox 705 2475 867 2552; x_wconf 86' lang='lat' dir='ltr'><strong>affluebat,</strong></span> <span class='ocrx_word' id='word_1_86' title='bbox 898 2477 1013 2562; x_wconf 82' lang='lat' dir='ltr'><strong>ingens</strong></span> <span class='ocrx_word' id='word_1_87' title='bbox 1043 2481 1227 2562; x_wconf 89' lang='lat' dir='ltr'><strong>apparatus,</strong></span> <span class='ocrx_word' id='word_1_88' title='bbox 1239 2509 1304 2544; x_wconf 77' lang='lat' dir='ltr'><strong>mass</strong></span> <span class='ocrx_word' id='word_1_89' title='bbox 1314 2443 1392 2544; x_wconf 65' lang='lat' dir='ltr'><strong>mag</strong></span> <span class='ocrx_word' id='word_1_90' title='bbox 1502 2485 1504 2490; x_wconf 80' lang='grc'>’</span> 
     </span>
     <span class='ocr_line' id='line_1_15' title="bbox 191 2567 1317 2664; baseline 0 -22"><span class='ocrx_word' id='word_1_91' title='bbox 191 2579 335 2648; x_wconf 80' lang='lat' dir='ltr'><strong>maxima</strong></span> <span class='ocrx_word' id='word_1_92' title='bbox 359 2575 551 2664; x_wconf 81' lang='lat' dir='ltr'><strong>frequentia,</strong></span> <span class='ocrx_word' id='word_1_93' title='bbox 578 2569 705 2664; x_wconf 87' lang='lat' dir='ltr'><strong>copicsa</strong></span> <span class='ocrx_word' id='word_1_94' title='bbox 734 2577 852 2642; x_wconf 82' lang='lat' dir='ltr'><strong>laetitia</strong></span> <span class='ocrx_word' id='word_1_95' title='bbox 875 2579 946 2664; x_wconf 90' lang='lat' dir='ltr'><strong>pari</strong></span> <span class='ocrx_word' id='word_1_96' title='bbox 976 2579 1072 2642; x_wconf 91' lang='lat' dir='ltr'><strong>modo</strong></span> <span class='ocrx_word' id='word_1_97' title='bbox 1109 2577 1227 2642; x_wconf 90' lang='lat' dir='ltr'><strong>renite-</strong></span> <span class='ocrx_word' id='word_1_98' title='bbox 1240 2567 1317 2624; x_wconf 78' lang='lat' dir='ltr'><strong>crypt.</strong></span> 
     </span>
     <span class='ocr_line' id='line_1_16' title="bbox 191 2679 1338 2766; baseline 0 -22"><span class='ocrx_word' id='word_1_99' title='bbox 191 2681 276 2746; x_wconf 88' lang='lat' dir='ltr'><strong>bant.</strong></span> <span class='ocrx_word' id='word_1_100' title='bbox 323 2679 406 2758; x_wconf 83' lang='lat' dir='ltr'><strong>Tum</strong></span> <span class='ocrx_word' id='word_1_101' title='bbox 420 2681 536 2766; x_wconf 82' lang='lat' dir='ltr'><strong>globus</strong></span> <span class='ocrx_word' id='word_1_102' title='bbox 561 2681 791 2760; x_wconf 77' lang='lat' dir='ltr'><strong>monachorum</strong></span> <span class='ocrx_word' id='word_1_103' title='bbox 818 2679 949 2744; x_wconf 87' lang='lat' dir='ltr'><strong>aliunde</strong></span> <span class='ocrx_word' id='word_1_104' title='bbox 976 2681 1226 2758; x_wconf 82' lang='lat' dir='ltr'><strong>adventantium</strong></span> <span class='ocrx_word' id='word_1_105' title='bbox 1336 2693 1338 2696; x_wconf 82' lang='grc'><strong>’</strong></span> 
     </span>
     <span class='ocr_line' id='line_1_17' title="bbox 190 2775 1227 2868; baseline 0.002 -22"><span class='ocrx_word' id='word_1_106' title='bbox 190 2805 255 2864; x_wconf 88' lang='lat' dir='ltr'><strong>non</strong></span> <span class='ocrx_word' id='word_1_107' title='bbox 293 2783 427 2848; x_wconf 90' lang='lat' dir='ltr'><strong>minimo</strong></span> <span class='ocrx_word' id='word_1_108' title='bbox 458 2781 564 2846; x_wconf 91' lang='lat' dir='ltr'><strong>decori</strong></span> <span class='ocrx_word' id='word_1_109' title='bbox 593 2777 704 2846; x_wconf 80' lang='lat' dir='ltr'><strong>luisse</strong></span> <span class='ocrx_word' id='word_1_110' title='bbox 719 2781 857 2868; x_wconf 85' lang='lat' dir='ltr'><strong>privatis</strong></span> <span class='ocrx_word' id='word_1_111' title='bbox 890 2783 1079 2868; x_wconf 83' lang='lat' dir='ltr'><strong>videbatur.¹</strong></span> <span class='ocrx_word' id='word_1_112' title='bbox 1133 2775 1227 2848; x_wconf 84' lang='lat' dir='ltr'><strong>luter</strong></span> 
     </span>
     <span class='ocr_line' id='line_1_18' title="bbox 189 2883 1224 2970; baseline -0.002 -20"><span class='ocrx_word' id='word_1_113' title='bbox 189 2905 268 2970; x_wconf 85' lang='lat' dir='ltr'><strong>quos</strong></span> <span class='ocrx_word' id='word_1_114' title='bbox 284 2885 416 2970; x_wconf 88' lang='lat' dir='ltr'><strong>quidam</strong></span> <span class='ocrx_word' id='word_1_115' title='bbox 431 2885 599 2970; x_wconf 82' lang='lat' dir='ltr'><strong>religiosus</strong></span> <span class='ocrx_word' id='word_1_116' title='bbox 620 2887 654 2960; x_wconf 77' lang='lat' dir='ltr'><strong>et</strong></span> <span class='ocrx_word' id='word_1_117' title='bbox 677 2883 773 2952; x_wconf 83' lang='lat' dir='ltr'><strong>valde</strong></span> <span class='ocrx_word' id='word_1_118' title='bbox 795 2883 989 2950; x_wconf 89' lang='lat' dir='ltr'><strong>venerabilis</strong></span> <span class='ocrx_word' id='word_1_119' title='bbox 1014 2885 1094 2950; x_wconf 82' lang='lat' dir='ltr'><strong>vitae</strong></span> <span class='ocrx_word' id='word_1_120' title='bbox 1114 2905 1224 2954; x_wconf 90' lang='lat' dir='ltr'><strong>mona-</strong></span> 
     </span>
     <span class='ocr_line' id='line_1_19' title="bbox 188 2983 1223 3072; baseline -0.002 -22"><span class='ocrx_word' id='word_1_121' title='bbox 188 2987 267 3050; x_wconf 91' lang='lat' dir='ltr'><strong>chus</strong></span> <span class='ocrx_word' id='word_1_122' title='bbox 298 2985 534 3066; x_wconf 87' lang='lat' dir='ltr'><strong>Ooventrensis,</strong></span> <span class='ocrx_word' id='word_1_123' title='bbox 571 2983 703 3052; x_wconf 87' lang='lat' dir='ltr'><strong>nomine</strong></span> <span class='ocrx_word' id='word_1_124' title='bbox 740 2983 961 3070; x_wconf 82' lang='lat' dir='ltr'><strong>Sperckulfus,</strong></span> <span class='ocrx_word' id='word_1_125' title='bbox 998 2983 1113 3072; x_wconf 89' lang='lat' dir='ltr'><strong>solitus</strong></span> <span class='ocrx_word' id='word_1_126' title='bbox 1150 2989 1223 3050; x_wconf 89' lang='lat' dir='ltr'><strong>erat</strong></span> 
     </span>
     <span class='ocr_line' id='line_1_20' title="bbox 187 3085 1224 3170; baseline 0 -20"><span class='ocrx_word' id='word_1_127' title='bbox 187 3087 417 3152; x_wconf 87' lang='lat' dir='ltr'><strong>monasterium</strong></span> <span class='ocrx_word' id='word_1_128' title='bbox 440 3087 543 3150; x_wconf 91' lang='lat' dir='ltr'><strong>sancti</strong></span> <span class='ocrx_word' id='word_1_129' title='bbox 558 3087 774 3170; x_wconf 84' lang='lat' dir='ltr'><strong>frequentare,</strong></span> <span class='ocrx_word' id='word_1_130' title='bbox 788 3087 825 3152; x_wconf 90' lang='lat' dir='ltr'><strong>in</strong></span> <span class='ocrx_word' id='word_1_131' title='bbox 850 3089 1036 3152; x_wconf 87' lang='lat' dir='ltr'><strong>sanctorum</strong></span> <span class='ocrx_word' id='word_1_132' title='bbox 1063 3085 1224 3150; x_wconf 85' lang='lat' dir='ltr'><strong>festivita-</strong></span> 
     </span>
     <span class='ocr_line' id='line_1_21' title="bbox 187 3185 1223 3272; baseline 0 -20"><span class='ocrx_word' id='word_1_133' title='bbox 187 3189 275 3254; x_wconf 85' lang='lat' dir='ltr'><strong>tibus</strong></span> <span class='ocrx_word' id='word_1_134' title='bbox 298 3187 461 3266; x_wconf 87' lang='lat' dir='ltr'><strong>adveuirc‚</strong></span> <span class='ocrx_word' id='word_1_135' title='bbox 483 3185 600 3252; x_wconf 85' lang='lat' dir='ltr'><strong>altaria</strong></span> <span class='ocrx_word' id='word_1_136' title='bbox 623 3187 765 3266; x_wconf 89' lang='lat' dir='ltr'><strong>circuire,</strong></span> <span class='ocrx_word' id='word_1_137' title='bbox 794 3187 831 3252; x_wconf 90' lang='lat' dir='ltr'><strong>in</strong></span> <span class='ocrx_word' id='word_1_138' title='bbox 860 3185 1061 3272; x_wconf 88' lang='lat' dir='ltr'><strong>orationibus</strong></span> <span class='ocrx_word' id='word_1_139' title='bbox 1088 3199 1223 3272; x_wconf 82' lang='lat' dir='ltr'><strong>pernoc-</strong></span> 
     </span>
     <span class='ocr_line' id='line_1_22' title="bbox 186 3287 1222 3374; baseline 0.002 -22"><span class='ocrx_word' id='word_1_140' title='bbox 186 3293 264 3366; x_wconf 87' lang='lat' dir='ltr'><strong>tare,</strong></span> <span class='ocrx_word' id='word_1_141' title='bbox 280 3289 481 3356; x_wconf 83' lang='lat' dir='ltr'><strong>lucubranda</strong></span> <span class='ocrx_word' id='word_1_142' title='bbox 497 3289 642 3354; x_wconf 89' lang='lat' dir='ltr'><strong>animum</strong></span> <span class='ocrx_word' id='word_1_143' title='bbox 659 3287 806 3374; x_wconf 88' lang='lat' dir='ltr'><strong>supernis</strong></span> <span class='ocrx_word' id='word_1_144' title='bbox 821 3289 1028 3368; x_wconf 89' lang='lat' dir='ltr'><strong>intendendo,</strong></span> <span class='ocrx_word' id='word_1_145' title='bbox 1043 3291 1222 3354; x_wconf 86' lang='lat' dir='ltr'><strong>matutinos</strong></span> 
     </span>
     <span class='ocr_line' id='line_1_23' title="bbox 186 3391 1252 3480; baseline 0.002 -26"><span class='ocrx_word' id='word_1_146' title='bbox 186 3393 299 3454; x_wconf 90' lang='lat' dir='ltr'><strong>cantus</strong></span> <span class='ocrx_word' id='word_1_147' title='bbox 322 3413 396 3456; x_wconf 92' lang='lat' dir='ltr'><strong>cum</strong></span> <span class='ocrx_word' id='word_1_148' title='bbox 422 3391 600 3480; x_wconf 90' lang='lat' dir='ltr'><strong>psalmodia</strong></span> <span class='ocrx_word' id='word_1_149' title='bbox 622 3393 858 3480; x_wconf 78' lang='lat' dir='ltr'><strong>praevcnicndO,</strong></span> <span class='ocrx_word' id='word_1_150' title='bbox 882 3391 1074 3456; x_wconf 87' lang='lat' dir='ltr'><strong>omnimodis</strong></span> <span class='ocrx_word' id='word_1_151' title='bbox 1106 3391 1221 3456; x_wconf 89' lang='lat' dir='ltr'><strong>devote</strong></span> <span class='ocrx_word' id='word_1_152' title='bbox 1251 3427 1252 3430; x_wconf 33' lang='lat'>¹</span> 
     </span>
     <span class='ocr_line' id='line_1_24' title="bbox 186 3491 1221 3580; baseline -0.001 -24"><span class='ocrx_word' id='word_1_153' title='bbox 186 3493 320 3580; x_wconf 81' lang='lat' dir='ltr'><strong>agendo,</strong></span> <span class='ocrx_word' id='word_1_154' title='bbox 343 3491 406 3556; x_wconf 92' lang='lat' dir='ltr'><strong>Dei</strong></span> <span class='ocrx_word' id='word_1_155' title='bbox 428 3491 491 3556; x_wconf 91' lang='lat' dir='ltr'><strong>sibi</strong></span> <span class='ocrx_word' id='word_1_156' title='bbox 517 3491 768 3566; x_wconf 86' lang='lat' dir='ltr'><strong>misericordiam</strong></span> <span class='ocrx_word' id='word_1_157' title='bbox 797 3497 953 3580; x_wconf 63' lang='lat' dir='ltr'><strong>cooptare,</strong></span> <span class='ocrx_word' id='word_1_158' title='bbox 997 3491 1032 3556; x_wconf 89' lang='lat' dir='ltr'><strong>Is</strong></span> <span class='ocrx_word' id='word_1_159' title='bbox 1061 3515 1162 3578; x_wconf 90' lang='lat' dir='ltr'><strong>quum</strong></span> <span class='ocrx_word' id='word_1_160' title='bbox 1183 3493 1221 3572; x_wconf 89' lang='lat' dir='ltr'><strong>in</strong></span> 
     </span>
     <span class='ocr_line' id='line_1_25' title="bbox 184 3593 1218 3684; baseline 0.001 -26"><span class='ocrx_word' id='word_1_161' title='bbox 184 3595 321 3680; x_wconf 85' lang='lat' dir='ltr'><strong>quadarn</strong></span> <span class='ocrx_word' id='word_1_162' title='bbox 337 3593 440 3660; x_wconf 90' lang='lat' dir='ltr'><strong>sancti</strong></span> <span class='ocrx_word' id='word_1_163' title='bbox 455 3593 602 3684; x_wconf 83' lang='lat' dir='ltr'><strong>Ecgwini</strong></span> <span class='ocrx_word' id='word_1_164' title='bbox 614 3593 795 3662; x_wconf 82' lang='lat' dir='ltr'><strong>festivitate</strong></span> <span class='ocrx_word' id='word_1_165' title='bbox 818 3593 914 3660; x_wconf 92' lang='lat' dir='ltr'><strong>solito</strong></span> <span class='ocrx_word' id='word_1_166' title='bbox 929 3615 1017 3660; x_wconf 90' lang='lat' dir='ltr'><strong>more</strong></span> <span class='ocrx_word' id='word_1_167' title='bbox 1032 3593 1218 3676; x_wconf 90' lang='lat' dir='ltr'><strong>adveniens,</strong></span> 
     </span>
     <span class='ocr_line' id='line_1_26' title="bbox 182 3695 1218 3784; baseline 0.004 -26"><span class='ocrx_word' id='word_1_168' title='bbox 182 3695 384 3762; x_wconf 82' lang='lat' dir='ltr'><strong>nocturnales</strong></span> <span class='ocrx_word' id='word_1_169' title='bbox 407 3695 545 3782; x_wconf 88' lang='lat' dir='ltr'><strong>hymnos</strong></span> <span class='ocrx_word' id='word_1_170' title='bbox 561 3697 597 3758; x_wconf 89' lang='lat' dir='ltr'><strong>in</strong></span> <span class='ocrx_word' id='word_1_171' title='bbox 619 3695 740 3782; x_wconf 83' lang='lat' dir='ltr'><strong>vigiliis</strong></span> <span class='ocrx_word' id='word_1_172' title='bbox 755 3719 828 3762; x_wconf 91' lang='lat' dir='ltr'><strong>cum</strong></span> <span class='ocrx_word' id='word_1_173' title='bbox 850 3695 1029 3784; x_wconf 83' lang='lat' dir='ltr'><strong>psalmodia</strong></span> <span class='ocrx_word' id='word_1_174' title='bbox 1043 3697 1218 3784; x_wconf 85' lang='lat' dir='ltr'><strong>persistens</strong></span> 
     </span>
     <span class='ocr_line' id='line_1_27' title="bbox 183 3797 1216 3888; baseline 0 -24"><span class='ocrx_word' id='word_1_175' title='bbox 183 3803 426 3888; x_wconf 68' lang='lat' dir='ltr'><strong>praeoccuparet,</strong></span> <span class='ocrx_word' id='word_1_176' title='bbox 442 3797 477 3862; x_wconf 93' lang='lat' dir='ltr'><strong>in</strong></span> <span class='ocrx_word' id='word_1_177' title='bbox 506 3803 620 3884; x_wconf 83' lang='lat' dir='ltr'><strong>crypta</strong></span> <span class='ocrx_word' id='word_1_178' title='bbox 643 3799 714 3862; x_wconf 92' lang='lat' dir='ltr'><strong>Deo</strong></span> <span class='ocrx_word' id='word_1_179' title='bbox 736 3801 911 3888; x_wconf 90' lang='lat' dir='ltr'><strong>sanctoque</strong></span> <span class='ocrx_word' id='word_1_180' title='bbox 926 3797 1084 3886; x_wconf 82' lang='lat' dir='ltr'><strong>Ecguinc</strong></span> <span class='ocrx_word' id='word_1_181' title='bbox 1107 3821 1216 3864; x_wconf 91' lang='lat' dir='ltr'><strong>consc-</strong></span> 
     </span>
     <span class='ocr_line' id='line_1_28' title="bbox 184 3899 1216 3990; baseline 0.002 -26"><span class='ocrx_word' id='word_1_182' title='bbox 184 3905 269 3964; x_wconf 89' lang='lat' dir='ltr'><strong>crata</strong></span> <span class='ocrx_word' id='word_1_183' title='bbox 299 3921 363 3990; x_wconf 91' lang='lat' dir='ltr'><strong>quo</strong></span> <span class='ocrx_word' id='word_1_184' title='bbox 389 3905 462 3964; x_wconf 86' lang='lat' dir='ltr'><strong>tum</strong></span> <span class='ocrx_word' id='word_1_185' title='bbox 499 3899 561 3966; x_wconf 87' lang='lat' dir='ltr'><strong>rite</strong></span> <span class='ocrx_word' id='word_1_186' title='bbox 595 3899 756 3968; x_wconf 84' lang='lat' dir='ltr'><strong>solitarius</strong></span> <span class='ocrx_word' id='word_1_187' title='bbox 792 3899 963 3978; x_wconf 90' lang='lat' dir='ltr'><strong>residebat,</strong></span> <span class='ocrx_word' id='word_1_188' title='bbox 993 3901 1216 3968; x_wconf 84' lang='lat' dir='ltr'><strong>admirabilem</strong></span> 
     </span>
     <span class='ocr_line' id='line_1_29' title="bbox 182 4001 1215 4090; baseline 0.003 -26"><span class='ocrx_word' id='word_1_189' title='bbox 182 4001 335 4066; x_wconf 90' lang='lat' dir='ltr'><strong>visionem</strong></span> <span class='ocrx_word' id='word_1_190' title='bbox 350 4001 526 4090; x_wconf 73' lang='lat' dir='ltr'><strong>conspexit.</strong></span> <span class='ocrx_word' id='word_1_191' title='bbox 571 4001 660 4068; x_wconf 90' lang='lat' dir='ltr'><strong>Nam</strong></span> <span class='ocrx_word' id='word_1_192' title='bbox 674 4025 775 4088; x_wconf 90' lang='lat' dir='ltr'><strong>quum</strong></span> <span class='ocrx_word' id='word_1_193' title='bbox 791 4003 981 4082; x_wconf 88' lang='lat' dir='ltr'><strong>Daviticum</strong></span> <span class='ocrx_word' id='word_1_194' title='bbox 996 4003 1158 4068; x_wconf 89' lang='lat' dir='ltr'><strong>canticum</strong></span> <span class='ocrx_word' id='word_1_195' title='bbox 1174 4025 1215 4068; x_wconf 83' lang='lat' dir='ltr'><strong>cx</strong></span> 
     </span>
     <span class='ocr_line' id='line_1_30' title="bbox 182 4103 1280 4190; baseline 0.004 -24"><span class='ocrx_word' id='word_1_196' title='bbox 182 4103 291 4168; x_wconf 86' lang='lat' dir='ltr'><strong>ordine</strong></span> <span class='ocrx_word' id='word_1_197' title='bbox 311 4103 469 4168; x_wconf 89' lang='lat' dir='ltr'><strong>devotius</strong></span> <span class='ocrx_word' id='word_1_198' title='bbox 498 4103 687 4182; x_wconf 87' lang='lat' dir='ltr'><strong>revolveret,</strong></span> <span class='ocrx_word' id='word_1_199' title='bbox 710 4103 796 4168; x_wconf 90' lang='lat' dir='ltr'><strong>vidit</strong></span> <span class='ocrx_word' id='word_1_200' title='bbox 820 4105 924 4190; x_wconf 90' lang='lat' dir='ltr'><strong>primo</strong></span> <span class='ocrx_word' id='word_1_201' title='bbox 954 4103 1068 4168; x_wconf 87' lang='lat' dir='ltr'><strong>limina</strong></span> <span class='ocrx_word' id='word_1_202' title='bbox 1090 4107 1215 4190; x_wconf 79' lang='lat' dir='ltr'><strong>cryptae</strong></span> <span class='ocrx_word' id='word_1_203' title='bbox 1279 4139 1280 4142; x_wconf 36' lang='lat'>¹</span> 
     </span>
     <span class='ocr_line' id='line_1_31' title="bbox 182 4203 1215 4292; baseline -0.001 -24"><span class='ocrx_word' id='word_1_204' title='bbox 182 4205 293 4282; x_wconf 84' lang='lat' dir='ltr'><strong>divina</strong></span> <span class='ocrx_word' id='word_1_205' title='bbox 306 4203 430 4268; x_wconf 88' lang='lat' dir='ltr'><strong>virtute</strong></span> <span class='ocrx_word' id='word_1_206' title='bbox 453 4205 584 4282; x_wconf 91' lang='lat' dir='ltr'><strong>recludi,</strong></span> <span class='ocrx_word' id='word_1_207' title='bbox 610 4205 726 4272; x_wconf 89' lang='lat' dir='ltr'><strong>dehinc</strong></span> <span class='ocrx_word' id='word_1_208' title='bbox 752 4205 915 4292; x_wconf 87' lang='lat' dir='ltr'><strong>paulatim</strong></span> <span class='ocrx_word' id='word_1_209' title='bbox 936 4205 1069 4274; x_wconf 88' lang='lat' dir='ltr'><strong>domum</strong></span> <span class='ocrx_word' id='word_1_210' title='bbox 1090 4205 1127 4268; x_wconf 90' lang='lat' dir='ltr'><strong>in</strong></span> <span class='ocrx_word' id='word_1_211' title='bbox 1149 4227 1215 4290; x_wconf 88' lang='lat' dir='ltr'><strong>qua</strong></span> 
     </span>
     <span class='ocr_line' id='line_1_32' title="bbox 180 4305 1213 4394; baseline 0 -24"><span class='ocrx_word' id='word_1_212' title='bbox 180 4305 310 4372; x_wconf 90' lang='lat' dir='ltr'><strong>sedebat</strong></span> <span class='ocrx_word' id='word_1_213' title='bbox 326 4327 465 4392; x_wconf 85' lang='lat' dir='ltr'><strong>superno</strong></span> <span class='ocrx_word' id='word_1_214' title='bbox 479 4307 603 4372; x_wconf 93' lang='lat' dir='ltr'><strong>lumine</strong></span> <span class='ocrx_word' id='word_1_215' title='bbox 617 4307 807 4386; x_wconf 86' lang='lat' dir='ltr'><strong>illucescere,</strong></span> <span class='ocrx_word' id='word_1_216' title='bbox 823 4307 954 4374; x_wconf 92' lang='lat' dir='ltr'><strong>demum</strong></span> <span class='ocrx_word' id='word_1_217' title='bbox 976 4307 1213 4394; x_wconf 85' lang='lat' dir='ltr'><strong>quamplurimo</strong></span> 
     </span>
     <span class='ocr_line' id='line_1_33' title="bbox 180 4407 1212 4498; baseline 0 -26"><span class='ocrx_word' id='word_1_218' title='bbox 180 4407 300 4496; x_wconf 81' lang='lat' dir='ltr'><strong>fulgore</strong></span> <span class='ocrx_word' id='word_1_219' title='bbox 338 4407 448 4496; x_wconf 87' lang='lat' dir='ltr'><strong>ejectis</strong></span> <span class='ocrx_word' id='word_1_220' title='bbox 477 4409 620 4472; x_wconf 87' lang='lat' dir='ltr'><strong>tenebris</strong></span> <span class='ocrx_word' id='word_1_221' title='bbox 650 4409 809 4474; x_wconf 76' lang='lat' dir='ltr'><strong>irradiari.</strong></span> <span class='ocrx_word' id='word_1_222' title='bbox 870 4409 1043 4498; x_wconf 71' lang='lat' dir='ltr'><strong>Quumque</strong></span> <span class='ocrx_word' id='word_1_223' title='bbox 1073 4407 1115 4470; x_wconf 90' lang='lat' dir='ltr'><strong>ad</strong></span> <span class='ocrx_word' id='word_1_224' title='bbox 1152 4407 1212 4472; x_wconf 91' lang='lat' dir='ltr'><strong>hoc</strong></span> 
     </span>
     <span class='ocr_line' id='line_1_34' title="bbox 166 4507 1212 4598; baseline 0.002 -26"><span class='ocrx_word' id='word_1_225' title='bbox 166 4509 398 4598; x_wconf 78' lang='lat' dir='ltr'><strong>spectaculum</strong></span> <span class='ocrx_word' id='word_1_226' title='bbox 412 4509 546 4574; x_wconf 88' lang='lat' dir='ltr'><strong>tcr‘ritus</strong></span> <span class='ocrx_word' id='word_1_227' title='bbox 561 4509 710 4574; x_wconf 90' lang='lat' dir='ltr'><strong>animum</strong></span> <span class='ocrx_word' id='word_1_228' title='bbox 724 4513 756 4574; x_wconf 93' lang='lat' dir='ltr'><strong>et</strong></span> <span class='ocrx_word' id='word_1_229' title='bbox 779 4529 847 4576; x_wconf 84' lang='lat' dir='ltr'><strong>una</strong></span> <span class='ocrx_word' id='word_1_230' title='bbox 861 4509 969 4574; x_wconf 87' lang='lat' dir='ltr'><strong>oculos</strong></span> <span class='ocrx_word' id='word_1_231' title='bbox 992 4507 1212 4590; x_wconf 86' lang='lat' dir='ltr'><strong>convertisset,</strong></span> 
     </span>
     <span class='ocr_line' id='line_1_35' title="bbox 179 4607 1211 4700; baseline 0.002 -28"><span class='ocrx_word' id='word_1_232' title='bbox 179 4631 247 4674; x_wconf 90' lang='lat' dir='ltr'><strong>ecce</strong></span> <span class='ocrx_word' id='word_1_233' title='bbox 271 4607 426 4700; x_wconf 88' lang='lat' dir='ltr'><strong>conspicit</strong></span> <span class='ocrx_word' id='word_1_234' title='bbox 451 4609 684 4694; x_wconf 89' lang='lat' dir='ltr'><strong>processionem</strong></span> <span class='ocrx_word' id='word_1_235' title='bbox 708 4631 807 4694; x_wconf 90' lang='lat' dir='ltr'><strong>quam</strong></span> <span class='ocrx_word' id='word_1_236' title='bbox 830 4609 1006 4678; x_wconf 84' lang='lat' dir='ltr'><strong>maximam</strong></span> <span class='ocrx_word' id='word_1_237' title='bbox 1028 4613 1211 4676; x_wconf 81' lang='lat' dir='ltr'><strong>sanctorum</strong></span> 
     </span>
    </p>
   </div>
   <div class='ocr_carea' id='block_1_6' title="bbox 179 4709 1212 4892">
    <p class='ocr_par' dir='ltr' id='par_1_8' title="bbox 179 4709 1212 4892">
     <span class='ocr_line' id='line_1_36' title="bbox 179 4709 1212 4796; baseline 0.004 -22"><span class='ocrx_word' id='word_1_238' title='bbox 179 4709 348 4796; x_wconf 84' lang='lat' dir='ltr'><strong>spirituum</strong></span> <span class='ocrx_word' id='word_1_239' title='bbox 370 4709 609 4790; x_wconf 90' lang='lat' dir='ltr'><strong>advenientem,</strong></span> <span class='ocrx_word' id='word_1_240' title='bbox 632 4731 704 4794; x_wconf 81' lang='lat' dir='ltr'><strong>quae</strong></span> <span class='ocrx_word' id='word_1_241' title='bbox 734 4709 878 4774; x_wconf 83' lang='lat' dir='ltr'><strong>maxima</strong></span> <span class='ocrx_word' id='word_1_242' title='bbox 902 4709 1145 4796; x_wconf 84' lang='lat' dir='ltr'><strong>pulchritudine</strong></span> <span class='ocrx_word' id='word_1_243' title='bbox 1174 4733 1212 4778; x_wconf 88' lang='lat' dir='ltr'><strong>ac</strong></span> 
     </span>
     <span class='ocr_line' id='line_1_37' title="bbox 1011 4829 1080 4892; baseline 0 0"><span class='ocrx_word' id='word_1_244' title='bbox 1011 4843 1036 4892; x_wconf 90' lang='lat' dir='ltr'><strong>n</strong></span> <span class='ocrx_word' id='word_1_245' title='bbox 1058 4829 1080 4892; x_wconf 78' lang='lat'>2</span> 
     </span>
    </p>
   </div>
   <div class='ocr_carea' id='block_1_7' title="bbox 0 0 1654 5666">
    <p class='ocr_par' dir='ltr' id='par_1_9' title="bbox 0 0 1654 5666">
     <span class='ocr_line' id='line_1_38' title="bbox 0 0 1654 5666; baseline 0 9"><span class='ocrx_word' id='word_1_246' title='bbox 0 0 1654 5666; x_wconf 95' lang='lat' dir='ltr'><strong> </strong></span> 
     </span>
    </p>
   </div>
  </div>
 </body>
</html>
