3308 5666
420 701 489 764 246.
601 673 817 766 ¹orruoruoon
841 713 999 766 Assaria
1022 715 1068 762 un
1091 711 1270 764 nvnsnnu„

203 977 204 980 Ἴ
254 915 326 968 Ab.¹
337 919 408 968 1213,
423 909 441 936 “
463 903 581 968 debeat
603 903 738 966 abolere.
785 899 903 986 Igituu
935 903 1030 986 pater
1059 903 1179 978 sancte,
1202 921 1243 964 ex
1274 899 1341 964 illis
1371 921 1470 984 quare

422 1011 438 1064 ἔ(
460 1027 632 1070 numerum
665 1025 732 1068 non
767 1003 847 1068 novi
884 1025 1002 1090 paucas
1037 1005 1132 1070 nobis
1155 1001 1347 1082 nominavi,
1376 1001 1467 1086 cujus

298 1191 303 1200 .
390 1173 391 1176 ,
422 1113 440 1144 “
463 1107 510 1172 rei
533 1109 599 1172 fere
626 1125 736 1170 omnes
766 1105 885 1170 fratres
915 1109 1015 1170 testes
1045 1105 1127 1170 mihi
1158 1125 1226 1170 esse
1256 1109 1403 1190 possunt,
1430 1107 1467 1168 et

317 1209 320 1214 '
421 1217 438 1242 “
461 1209 622 1296 praecipue
638 1207 781 1292 quinque
801 1209 1053 1292 quossecretius
1069 1205 1164 1274 vobis
1186 1205 1370 1272 nominabo.
1421 1205 1466 1270 Et

422 1311 489 1376 “si
522 1309 748 1376 testiinonium
781 1309 919 1376 aliorum
954 1333 1050 1396 quam
1082 1309 1315 1374 monachorum
1348 1309 1466 1374 habere

419 1419 438 1470 ‘.‘
460 1411 639 1494 volueritis,
664 1413 769 1498 cogite
792 1413 924 1478 clericos
952 1419 985 1478 et
1011 1413 1110 1486 laicos
1136 1419 1216 1496 quos
1237 1413 1337 1502 Xvobis
1362 1409 1467 1476 nomi-

419 1525 436 1550 “
458 1535 580 1578 navero
611 1515 653 1578 ad
689 1515 928 1600 perhibendum
967 1515 1196 1580 testimonium
1241 1513 1383 1590 veritati,
1431 1515 1466 1576 et

419 1625 437 1672 κ
459 1621 622 1704 quotquot
645 1617 817 1682 volueritis
840 1617 1026 1696 habebitis3
1055 1615 1204 1702 quamvis
1225 1615 1356 1700 publica
1378 1613 1465 1680 fama

417 1725 490 1784 “et
521 1719 592 1804 ipsa
623 1719 670 1782 rei
700 1719 822 1784 notitia
849 1725 883 1784 et
913 1719 992 1784 facti
1020 1719 1187 1784 evidentia
1212 1721 1256 1784 et,
1272 1723 1466 1804 argumenta

416 1825 695 1908 “superterram
725 1821 909 1908 gradientia
930 1809 1022 1884 'milri
1049 1823 1091 1886 ad
1122 1821 1348 1908 probationem
1378 1819 1463 1884 suffi-

416 1929 434 1958 “
448 1923 553 2002 ciant,
583 1923 735 1988 videlicet
764 1923 825 1988 filii
854 1929 888 1988 et
922 1923 1004 1990 uua
1035 1923 1301 1988 muliercularum
1331 1923 1463 1986 illarum

417 2025 512 2112 “qui
535 2025 663 2090 nullum
686 2025 787 2090 alium
809 2049 843 2090 se
859 2029 1084 2112 protestantur
1106 2027 1225 2092 habere
1247 2031 1376 2112 patrem
1399 2025 1463 2088 uisi

314 2165 326 2182 κ
416 2137 435 2172 “’
455 2129 558 2206 illum,
588 2143 647 2192 nec
672 2151 819 2214 unquam
845 2127 934 2216 apud
961 2149 1021 2192 nos
1043 2129 1129 2194 alius
1153 2127 1218 2192 fuit
1243 2127 1379 2212 habitus
1409 2127 1462 2192 vel

384 2289 386 2292 .
416 2239 431 2266 ‘¹
454 2231 611 2296 inventus
633 2251 693 2294 uec
715 2231 821 2294 adhuc
843 2231 984 2298 habetur
1008 2231 1073 2294 nisi
1097 2231 1208 2298 abbas.
1254 2229 1340 2318 Ipsae
1363 2231 1463 2294 etiam

416 2341 432 2368 “
454 2331 654 2398 mulierculae
683 2331 744 2396 hoc
785 2355 852 2398 uon
882 2337 1016 2396 tautum
1048 2332 1177 2420 publice
1206 2331 1364 2410 fatentur,
1406 2333 1463 2396 sed

413 2441 431 2470 “
454 2423 723 2518 eciamjaeuoart
739 2457 773 2498 se
785 2457 853 2498 esse
869 2435 1070 2500 concubinas
1088 2433 1222 2500 baronis
1238 2433 1365 2498 domini
1379 2433 1464 2520 regis

415 2541 488 2610 “et
515 2557 581 2600 non
605 2535 765 2610 monachi,
799 2537 887 2622 quod
919 2541 954 2602 et
985 2525 1054 2622 ipse
1085 2535 1188 2602 abbas
1220 2537 1266 2602 eis
1293 2537 1463 2622 suggessit,
1511 2591 1512 2594 η

345 2667 346 2670 “
416 2647 432 2672 “
454 2637 618 2718 videlicet,
651 2631 686 2704 se
714 2661 783 2704 uon
814 2661 882 2702 esse
908 2639 1114 2716 monachum,
1145 2637 1232 2702 unde
1262 2631 1383 2702 multas
1413 2661 1461 2702 se-

248 2771 369 2822 Previous
414 2737 430 2774 ²‘
454 2741 558 2806 duxit.
599 2739 704 2826 Super
719 2739 770 2806 his
784 2739 850 2806 fere
865 2741 1024 2820 omnibus,
1036 2735 1129 2826 pater
1143 2739 1357 2818 sanctissime,
1374 2739 1463 2826 (fora

213 2883 215 2886 -
246 2839 381 2916 iuvesnga-
414 2849 429 2876 “
453 2841 525 2908 dico
542 2841 673 2928 quiade
689 2841 741 2906 die
764 2843 801 2906 in
824 2841 909 2906 diem
928 2843 1190 2930 multiplicantur
1214 2841 1284 2926 ejus
1306 2841 1461 2928 facinora)

246 2913 319 2956 uons.
414 2951 429 2978 “
454 2939 660 3030 deposuimus
686 2943 924 3028 querimoniam
944 2965 1051 3008 coram
1075 2943 1206 3010 domino
1232 2943 1460 3010 Oantuarieusi

413 3055 429 3080 “
452 3051 532 3110 tunc
553 3045 709 3132 temporis
732 3045 921 3134 apostolicae
938 3047 1022 3112 sedis
1038 3047 1157 3134 legat0,
1175 3069 1195 3110 a
1210 3069 1275 3132 quo
1290 3069 1387 3134 super
1409 3049 1460 3112 his

413 3157 428 3182 “
451 3147 537 3212 facta
558 3147 810 3234 diligentissima
824 3147 1037 3234 inquisitione
1054 3149 1163 3234 plures
1178 3149 1275 3216 factae
1289 3153 1368 3214 sunt
1383 3171 1460 3216 oon-

413 3255 430 3284 “
453 3251 653 3328 stitutiones,
666 3273 740 3336 quae
756 3273 867 3314 omnes
883 3249 1057 3338 postquam
1071 3253 1200 3338 legatus
1216 3251 1358 3338 insignia
1371 3253 1467 3338 lega-¹

413 3357 431 3386 “
454 3351 554 3416 tionis
577 3345 792 3438 deposuit'ad
818 3351 959 3416 nihilum
983 3355 1125 3420 redactae
1148 3359 1233 3434 suut,
1257 3357 1292 3420 et
1316 3359 1460 3440 postmo-

413 3463 429 3488 “
452 3455 531 3518 dum
554 3455 665 3520 eodem
694 3453 923 3540 Oantuariensi
947 3457 1085 3542 agente¹
1112 3455 1198 3542 [in]2
1222 3459 1458 3540 transmarinis,

413 3561 430 3590 “
453 3555 540 3642 facta
562 3561 641 3622 suut
656 3555 835 3622 novissima
850 3561 964 3622 nostra
985 3559 1096 3646 pejora
1120 3559 1289 3646 prioribus.
1331 3561 1458 3624 Iterum

412 3663 429 3694 “
452 3681 550 3744 super
568 3657 689 3724 eisdem
704 3659 874 3744 conquesti
890 3659 1011 3724 fuimus
1028 3661 1160 3726 domiuo
1175 3661 1197 3726 J
1199 3661 1320 3726 ohanni
1336 3669 1458 3730 sanctae

413 3767 431 3796 “
455 3761 570 3828 Mariae
592 3761 627 3824 in
654 3761 718 3824 Via
745 3761 830 3826 Lsta
861 3763 998 3828 diacono
1022 3765 1181 3828 cardinali
1203 3769 1284 3828 tunc
1302 3767 1460 3852 temporis

413 3869 430 3896 “
452 3861 638 3948 apostolicae
672 3863 758 3928 sedis
789 3861 907 3950 legato,
948 3865 1006 3950 qui
1035 3889 1136 3954 super
1170 3867 1221 3930 his
1258 3867 1457 3954 singularem

412 3971 431 3998 ‘⁶
449 3965 571 4030 faciens
600 3963 848 4050 inquisitionem
874 3965 976 4050 jussit
1000 3967 1092 4032 illam
1122 3967 1242 4054 deponi.
1274 3973 1307 4034 et
1334 3971 1456 4038 servari

411 4075 427 4102 “
450 4089 549 4154 penes
582 4067 719 4132 abbates
752 4067 791 4132 de
817 4069 1002 4134 Hawemon
1034 4075 1068 4136 et
1103 4071 1143 4134 da
1178 4071 1367 4138 Lilleshulle
1399 4075 1456 4158 qui

411 4177 426 4202 “
449 4171 554 4234 eidem
589 4169 745 4234 scrutinio
768 4169 995 4250 interfuerant,
1035 4173 1137 4238 donec
1169 4173 1249 4258 quid
1280 4197 1377 4260 super
1406 4177 1455 4240 his

353 4289 354 4292 ’
408 4281 424 4306 “
448 4277 532 4338 esset
558 4273 771 4338 statuendum
803 4273 989 4360 disponeret
1017 4275 1196 4340 secuudum
1227 4277 1312 4362 quod
1345 4279 1455 4364 provi-

409 4375 549 4440 “deret
606 4373 679 4454 Quo
704 4377 875 4442 recedente
907 4383 1085 4464 antequam
1116 4399 1212 4462 super
1244 4377 1295 4442 his
1328 4381 1453 4466 aliquid

440 4595 561 4662 ¹o9cntc]
582 4593 742 4660 agentiMS.
841 4617 843 4630 .
932 4597 1050 4664 1111]
1071 4599 1153 4648 added
1163 4599 1299 4662 byalatcr
1310 4599 1384 4650 hanc
