<?xml version="1.0" encoding="UTF-8"?>
<!DOCTYPE html PUBLIC "-//W3C//DTD XHTML 1.0 Transitional//EN"
    "http://www.w3.org/TR/xhtml1/DTD/xhtml1-transitional.dtd">
<html xmlns="http://www.w3.org/1999/xhtml" xml:lang="en" lang="en">
 <head>
  <title>
</title>
<meta http-equiv="Content-Type" content="text/html;charset=utf-8" />
  <meta name='ocr-system' content='tesseract 3.04.00' />
  <meta name='ocr-capabilities' content='ocr_page ocr_carea ocr_par ocr_line ocrx_word'/>
</head>
<body>
  <div class='ocr_page' id='page_1' title='image "./chroniconabbati01marlgoog/chroniconabbati01marlgoog_0237.png"; bbox 0 0 3308 5666; ppageno 0'>
   <div class='ocr_carea' id='block_1_1' title="bbox 443 647 1287 742">
    <p class='ocr_par' dir='ltr' id='par_1_1' title="bbox 443 647 1287 742">
     <span class='ocr_line' id='line_1_1' title="bbox 443 647 1287 742; baseline -0.001 -12"><span class='ocrx_word' id='word_1_1' title='bbox 443 677 823 736; x_wconf 72' lang='lat' dir='ltr'><strong>onrorroorssmrrn</strong></span> <span class='ocrx_word' id='word_1_2' title='bbox 845 681 894 734; x_wconf 85' lang='lat' dir='ltr'><strong>ns</strong></span> <span class='ocrx_word' id='word_1_3' title='bbox 915 647 1088 734; x_wconf 79' lang='lat' dir='ltr'><strong>uvssmu.</strong></span> <span class='ocrx_word' id='word_1_4' title='bbox 1224 665 1287 742; x_wconf 79' lang='lat'><strong>179</strong></span> 
     </span>
    </p>
   </div>
   <div class='ocr_carea' id='block_1_2' title="bbox 197 865 1454 2018">
    <p class='ocr_par' dir='ltr' id='par_1_2' title="bbox 240 865 1454 1110">
     <span class='ocr_line' id='line_1_2' title="bbox 242 865 1454 938; baseline 0.002 -18"><span class='ocrx_word' id='word_1_5' title='bbox 242 885 357 938; x_wconf 91' lang='lat' dir='ltr'><strong>quoque</strong></span> <span class='ocrx_word' id='word_1_6' title='bbox 368 887 456 924; x_wconf 89' lang='lat' dir='ltr'><strong>usum</strong></span> <span class='ocrx_word' id='word_1_7' title='bbox 468 869 711 938; x_wconf 84' lang='lat' dir='ltr'><strong>chirothecarum,</strong></span> <span class='ocrx_word' id='word_1_8' title='bbox 723 869 895 936; x_wconf 80' lang='lat' dir='ltr'><strong>dalmaticae,</strong></span> <span class='ocrx_word' id='word_1_9' title='bbox 905 869 1022 932; x_wconf 76' lang='lat' dir='ltr'><strong>tunica,</strong></span> <span class='ocrx_word' id='word_1_10' title='bbox 1037 871 1068 924; x_wconf 84' lang='lat' dir='ltr'><strong>et</strong></span> <span class='ocrx_word' id='word_1_11' title='bbox 1079 867 1285 932; x_wconf 83' lang='lat' dir='ltr'><strong>sandaliorum,</strong></span> <span class='ocrx_word' id='word_1_12' title='bbox 1299 865 1368 922; x_wconf 63' lang='grc' dir='ltr'><strong>ΑΔ).</strong></span> <span class='ocrx_word' id='word_1_13' title='bbox 1382 867 1454 924; x_wconf 78' lang='lat' dir='ltr'><strong>moe.</strong></span> 
     </span>
     <span class='ocr_line' id='line_1_3' title="bbox 240 933 1426 1016; baseline -0.002 -12"><span class='ocrx_word' id='word_1_14' title='bbox 240 963 293 1006; x_wconf 86' lang='lat' dir='ltr'><strong>neo</strong></span> <span class='ocrx_word' id='word_1_15' title='bbox 319 969 378 1006; x_wconf 91' lang='lat' dir='ltr'><strong>non</strong></span> <span class='ocrx_word' id='word_1_16' title='bbox 401 957 430 1006; x_wconf 91' lang='lat' dir='ltr'><strong>eb</strong></span> <span class='ocrx_word' id='word_1_17' title='bbox 452 953 628 1010; x_wconf 82' lang='lat' dir='ltr'><strong>vestimenta</strong></span> <span class='ocrx_word' id='word_1_18' title='bbox 653 953 845 1010; x_wconf 86' lang='lat' dir='ltr'><strong>sacerdotalia</strong></span> <span class='ocrx_word' id='word_1_19' title='bbox 868 951 1069 1016; x_wconf 87' lang='lat' dir='ltr'><strong>benedicendi,</strong></span> <span class='ocrx_word' id='word_1_20' title='bbox 1090 949 1126 1004; x_wconf 93' lang='lat' dir='ltr'><strong>de</strong></span> <span class='ocrx_word' id='word_1_21' title='bbox 1150 953 1288 1006; x_wconf 86' lang='lat' dir='ltr'><strong>consueta</strong></span> <span class='ocrx_word' id='word_1_22' title='bbox 1324 933 1426 1002; x_wconf 68' lang='lat'>[¹¹92]</span> 
     </span>
     <span class='ocr_line' id='line_1_4' title="bbox 240 1031 1287 1110; baseline -0.001 -21"><span class='ocrx_word' id='word_1_23' title='bbox 240 1031 394 1090; x_wconf 88' lang='lat' dir='ltr'><strong>clementia</strong></span> <span class='ocrx_word' id='word_1_24' title='bbox 411 1041 441 1090; x_wconf 90' lang='lat' dir='ltr'><strong>et</strong></span> <span class='ocrx_word' id='word_1_25' title='bbox 459 1037 495 1092; x_wconf 92' lang='lat' dir='ltr'><strong>de</strong></span> <span class='ocrx_word' id='word_1_26' title='bbox 518 1037 700 1110; x_wconf 85' lang='lat' dir='ltr'><strong>benignitate</strong></span> <span class='ocrx_word' id='word_1_27' title='bbox 726 1037 804 1094; x_wconf 85' lang='lat' dir='ltr'><strong>sedis</strong></span> <span class='ocrx_word' id='word_1_28' title='bbox 833 1037 999 1110; x_wconf 78' lang='lat' dir='ltr'><strong>apostolicas</strong></span> <span class='ocrx_word' id='word_1_29' title='bbox 1026 1035 1162 1094; x_wconf 81' lang='lat' dir='ltr'><strong>duximus</strong></span> <span class='ocrx_word' id='word_1_30' title='bbox 1187 1051 1287 1090; x_wconf 89' lang='lat' dir='ltr'><strong>conce·</strong></span> 
     </span>
    </p>

    <p class='ocr_par' dir='ltr' id='par_1_3' title="bbox 197 1119 1286 1196">
     <span class='ocr_line' id='line_1_5' title="bbox 197 1119 1286 1196; baseline -0.002 -22"><span class='ocrx_word' id='word_1_31' title='bbox 197 1193 201 1196; x_wconf 63' lang='lat'><strong>,.</strong></span> <span class='ocrx_word' id='word_1_32' title='bbox 239 1119 381 1186; x_wconf 89' lang='lat' dir='ltr'><strong>dendum;</strong></span> <span class='ocrx_word' id='word_1_33' title='bbox 408 1121 595 1192; x_wconf 73' lang='lat' dir='ltr'>indulgentes</span> <span class='ocrx_word' id='word_1_34' title='bbox 621 1127 656 1178; x_wconf 91' lang='lat' dir='ltr'><strong>ut</strong></span> <span class='ocrx_word' id='word_1_35' title='bbox 682 1123 728 1178; x_wconf 87' lang='lat' dir='ltr'><strong>his</strong></span> <span class='ocrx_word' id='word_1_36' title='bbox 754 1121 947 1178; x_wconf 46' lang='lat' dir='ltr'><strong>omnibus‘in</strong></span> <span class='ocrx_word' id='word_1_37' title='bbox 974 1121 1153 1178; x_wconf 77' lang='lat' dir='ltr'>solemnibus</span> <span class='ocrx_word' id='word_1_38' title='bbox 1184 1119 1286 1176; x_wconf 89' lang='lat' dir='ltr'><strong>diebus</strong></span> 
     </span>
    </p>

    <p class='ocr_par' dir='ltr' id='par_1_4' title="bbox 237 1203 1284 1276">
     <span class='ocr_line' id='line_1_6' title="bbox 237 1203 1284 1276; baseline -0.002 -18"><span class='ocrx_word' id='word_1_39' title='bbox 237 1203 315 1258; x_wconf 85' lang='lat' dir='ltr'><strong>infra</strong></span> <span class='ocrx_word' id='word_1_40' title='bbox 332 1205 541 1262; x_wconf 79' lang='lat' dir='ltr'><strong>monasterium</strong></span> <span class='ocrx_word' id='word_1_41' title='bbox 566 1205 716 1264; x_wconf 84' lang='lat' dir='ltr'><strong>vestrum¹</strong></span> <span class='ocrx_word' id='word_1_42' title='bbox 733 1207 768 1260; x_wconf 88' lang='lat' dir='ltr'><strong>et</strong></span> <span class='ocrx_word' id='word_1_43' title='bbox 791 1205 970 1262; x_wconf 89' lang='lat' dir='ltr'><strong>obedientias</strong></span> <span class='ocrx_word' id='word_1_44' title='bbox 996 1203 1071 1274; x_wconf 89' lang='lat' dir='ltr'><strong>ejus,</strong></span> <span class='ocrx_word' id='word_1_45' title='bbox 1092 1205 1124 1258; x_wconf 92' lang='lat' dir='ltr'><strong>in</strong></span> <span class='ocrx_word' id='word_1_46' title='bbox 1142 1203 1284 1276; x_wconf 80' lang='lat' dir='ltr'><strong>processi-</strong></span> 
     </span>
    </p>

    <p class='ocr_par' dir='ltr' id='par_1_5' title="bbox 238 1285 1287 1362">
     <span class='ocr_line' id='line_1_7' title="bbox 238 1285 1287 1362; baseline -0.002 -20"><span class='ocrx_word' id='word_1_47' title='bbox 238 1287 339 1342; x_wconf 77' lang='lat' dir='ltr'>onibus</span> <span class='ocrx_word' id='word_1_48' title='bbox 371 1291 486 1358; x_wconf 72' lang='lat' dir='ltr'><strong>&#39;quoque</strong></span> <span class='ocrx_word' id='word_1_49' title='bbox 511 1289 605 1362; x_wconf 87' lang='lat' dir='ltr'><strong>ipsius</strong></span> <span class='ocrx_word' id='word_1_50' title='bbox 629 1287 809 1352; x_wconf 86' lang='lat' dir='ltr'><strong>monasterii,</strong></span> <span class='ocrx_word' id='word_1_51' title='bbox 839 1287 870 1340; x_wconf 94' lang='lat' dir='ltr'><strong>in</strong></span> <span class='ocrx_word' id='word_1_52' title='bbox 896 1289 1026 1344; x_wconf 88' lang='lat' dir='ltr'><strong>conciliis</strong></span> <span class='ocrx_word' id='word_1_53' title='bbox 1051 1287 1176 1342; x_wconf 85' lang='lat' dir='ltr'><strong>Romani</strong></span> <span class='ocrx_word' id='word_1_54' title='bbox 1193 1285 1287 1358; x_wconf 83' lang='lat' dir='ltr'><strong>ponti·</strong></span> 
     </span>
    </p>

    <p class='ocr_par' dir='ltr' id='par_1_6' title="bbox 237 1371 1338 1526">
     <span class='ocr_line' id='line_1_8' title="bbox 237 1371 1338 1442; baseline 0 -18"><span class='ocrx_word' id='word_1_55' title='bbox 237 1371 300 1424; x_wconf 90' lang='lat' dir='ltr'><strong>ficis</strong></span> <span class='ocrx_word' id='word_1_56' title='bbox 320 1375 349 1424; x_wconf 93' lang='lat' dir='ltr'><strong>et</strong></span> <span class='ocrx_word' id='word_1_57' title='bbox 366 1371 456 1442; x_wconf 90' lang='lat' dir='ltr'><strong>legati</strong></span> <span class='ocrx_word' id='word_1_58' title='bbox 476 1373 549 1442; x_wconf 87' lang='lat' dir='ltr'><strong>ejus,</strong></span> <span class='ocrx_word' id='word_1_59' title='bbox 570 1379 657 1442; x_wconf 89' lang='lat' dir='ltr'><strong>atque</strong></span> <span class='ocrx_word' id='word_1_60' title='bbox 676 1373 708 1426; x_wconf 87' lang='lat' dir='ltr'><strong>iu</strong></span> <span class='ocrx_word' id='word_1_61' title='bbox 726 1371 844 1442; x_wconf 80' lang='lat' dir='ltr'><strong>synodis</strong></span> <span class='ocrx_word' id='word_1_62' title='bbox 864 1373 1066 1442; x_wconf 87' lang='lat' dir='ltr'><strong>episcoporum</strong></span> <span class='ocrx_word' id='word_1_63' title='bbox 1084 1373 1286 1426; x_wconf 88' lang='lat' dir='ltr'><strong>incunctanter</strong></span> <span class='ocrx_word' id='word_1_64' title='bbox 1337 1425 1338 1428; x_wconf 67' lang='grc'>,</span> 
     </span>
     <span class='ocr_line' id='line_1_9' title="bbox 237 1453 1286 1526; baseline 0 -20"><span class='ocrx_word' id='word_1_65' title='bbox 237 1453 380 1520; x_wconf 88' lang='lat' dir='ltr'><strong>ubamini;</strong></span> <span class='ocrx_word' id='word_1_66' title='bbox 401 1457 603 1514; x_wconf 89' lang='lat' dir='ltr'><strong>tatuentisut</strong></span> <span class='ocrx_word' id='word_1_67' title='bbox 613 1455 688 1510; x_wconf 92' lang='lat' dir='ltr'><strong>nulli</strong></span> <span class='ocrx_word' id='word_1_68' title='bbox 707 1453 823 1512; x_wconf 86' lang='lat' dir='ltr'><strong>omuino</strong></span> <span class='ocrx_word' id='word_1_69' title='bbox 842 1455 993 1508; x_wconf 87' lang='lat' dir='ltr'><strong>hominum</strong></span> <span class='ocrx_word' id='word_1_70' title='bbox 1011 1455 1104 1510; x_wconf 85' lang='lat' dir='ltr'><strong>liceat</strong></span> <span class='ocrx_word' id='word_1_71' title='bbox 1117 1457 1191 1510; x_wconf 87' lang='lat' dir='ltr'><strong>hanc</strong></span> <span class='ocrx_word' id='word_1_72' title='bbox 1203 1453 1286 1526; x_wconf 49' lang='lat' dir='ltr'><strong>pagis</strong></span> 
     </span>
    </p>

    <p class='ocr_par' dir='ltr' id='par_1_7' title="bbox 237 1537 1283 1610">
     <span class='ocr_line' id='line_1_10' title="bbox 237 1537 1283 1610; baseline -0.001 -18"><span class='ocrx_word' id='word_1_73' title='bbox 237 1555 305 1592; x_wconf 88' lang='lat' dir='ltr'><strong>nam</strong></span> <span class='ocrx_word' id='word_1_74' title='bbox 316 1543 423 1594; x_wconf 76' lang='lat' dir='ltr'><strong>nostra</strong></span> <span class='ocrx_word' id='word_1_75' title='bbox 442 1539 637 1596; x_wconf 77' lang='lat' dir='ltr'><strong>concessionis</strong></span> <span class='ocrx_word' id='word_1_76' title='bbox 656 1539 818 1610; x_wconf 83' lang='lat' dir='ltr'><strong>infringere</strong></span> <span class='ocrx_word' id='word_1_77' title='bbox 830 1539 878 1594; x_wconf 82' lang='lat' dir='ltr'><strong>vel</strong></span> <span class='ocrx_word' id='word_1_78' title='bbox 892 1539 919 1594; x_wconf 91' lang='lat' dir='ltr'><strong>ei</strong></span> <span class='ocrx_word' id='word_1_79' title='bbox 932 1541 1115 1610; x_wconf 87' lang='lat' dir='ltr'><strong>aliquatenus</strong></span> <span class='ocrx_word' id='word_1_80' title='bbox 1129 1537 1283 1598; x_wconf 84' lang='lat' dir='ltr'><strong>contraire.</strong></span> 
     </span>
    </p>

    <p class='ocr_par' dir='ltr' id='par_1_8' title="bbox 238 1621 1285 1778">
     <span class='ocr_line' id='line_1_11' title="bbox 239 1621 1285 1694; baseline -0.002 -18"><span class='ocrx_word' id='word_1_81' title='bbox 239 1621 270 1676; x_wconf 81' lang='lat' dir='ltr'><strong>si</strong></span> <span class='ocrx_word' id='word_1_82' title='bbox 302 1621 367 1692; x_wconf 88' lang='lat' dir='ltr'><strong>quis</strong></span> <span class='ocrx_word' id='word_1_83' title='bbox 398 1629 496 1682; x_wconf 86' lang='lat' dir='ltr'><strong>autem</strong></span> <span class='ocrx_word' id='word_1_84' title='bbox 521 1625 581 1678; x_wconf 75' lang='lat' dir='ltr'><strong>hoc‘</strong></span> <span class='ocrx_word' id='word_1_85' title='bbox 608 1627 750 1680; x_wconf 71' lang='lat' dir='ltr'><strong>absentare</strong></span> <span class='ocrx_word' id='word_1_86' title='bbox 780 1623 1013 1692; x_wconf 83' lang='lat' dir='ltr'><strong>praesumpserit,</strong></span> <span class='ocrx_word' id='word_1_87' title='bbox 1052 1623 1285 1694; x_wconf 66' lang='lat' dir='ltr'><strong>indignationem</strong></span> 
     </span>
     <span class='ocr_line' id='line_1_12' title="bbox 238 1705 1284 1778; baseline 0 -18"><span class='ocrx_word' id='word_1_88' title='bbox 238 1707 442 1776; x_wconf 86' lang='lat' dir='ltr'><strong>omnipotentis</strong></span> <span class='ocrx_word' id='word_1_89' title='bbox 461 1707 518 1762; x_wconf 91' lang='lat' dir='ltr'><strong>Dei</strong></span> <span class='ocrx_word' id='word_1_90' title='bbox 536 1711 564 1760; x_wconf 86' lang='lat' dir='ltr'><strong>ct</strong></span> <span class='ocrx_word' id='word_1_91' title='bbox 581 1707 734 1762; x_wconf 89' lang='lat' dir='ltr'><strong>beatorum</strong></span> <span class='ocrx_word' id='word_1_92' title='bbox 752 1705 834 1760; x_wconf 90' lang='lat' dir='ltr'><strong>Petri</strong></span> <span class='ocrx_word' id='word_1_93' title='bbox 854 1711 884 1760; x_wconf 90' lang='lat' dir='ltr'><strong>et</strong></span> <span class='ocrx_word' id='word_1_94' title='bbox 901 1705 987 1760; x_wconf 90' lang='lat' dir='ltr'><strong>Pauli</strong></span> <span class='ocrx_word' id='word_1_95' title='bbox 1001 1707 1199 1778; x_wconf 90' lang='lat' dir='ltr'><strong>apostolorum</strong></span> <span class='ocrx_word' id='word_1_96' title='bbox 1211 1705 1284 1775; x_wconf 79' lang='lat' dir='ltr'><strong>Ejus</strong></span> 
     </span>
    </p>

    <p class='ocr_par' dir='ltr' id='par_1_9' title="bbox 238 1781 1283 1866">
     <span class='ocr_line' id='line_1_13' title="bbox 238 1781 1283 1866; baseline -0.004 -20"><span class='ocrx_word' id='word_1_97' title='bbox 238 1807 268 1846; x_wconf 88' lang='lat' dir='ltr'><strong>se</strong></span> <span class='ocrx_word' id='word_1_98' title='bbox 287 1791 402 1844; x_wconf 85' lang='lat' dir='ltr'><strong>noverit</strong></span> <span class='ocrx_word' id='word_1_99' title='bbox 419 1789 615 1846; x_wconf 83' lang='lat' dir='ltr'><strong>incursurum.</strong></span> <span class='ocrx_word' id='word_1_100' title='bbox 663 1781 773 1850; x_wconf 89' lang='lat' dir='ltr'><strong>Datum</strong></span> <span class='ocrx_word' id='word_1_101' title='bbox 785 1787 885 1866; x_wconf 84' lang='lat' dir='ltr'><strong>Romae</strong></span> <span class='ocrx_word' id='word_1_102' title='bbox 905 1789 982 1858; x_wconf 89' lang='lat' dir='ltr'><strong>apud</strong></span> <span class='ocrx_word' id='word_1_103' title='bbox 1001 1795 1134 1844; x_wconf 86' lang='lat' dir='ltr'><strong>sanctum</strong></span> <span class='ocrx_word' id='word_1_104' title='bbox 1151 1787 1283 1854; x_wconf 84' lang='lat' dir='ltr'><strong>Petrum,</strong></span> 
     </span>
    </p>

    <p class='ocr_par' dir='ltr' id='par_1_10' title="bbox 237 1865 1282 1948">
     <span class='ocr_line' id='line_1_14' title="bbox 237 1865 1282 1948; baseline -0.002 -20"><span class='ocrx_word' id='word_1_105' title='bbox 237 1865 309 1928; x_wconf 90' lang='lat' dir='ltr'><strong>Idus</strong></span> <span class='ocrx_word' id='word_1_106' title='bbox 328 1873 348 1928; x_wconf 84' lang='lat' dir='ltr'><strong>J</strong></span> <span class='ocrx_word' id='word_1_107' title='bbox 349 1875 472 1940; x_wconf 81' lang='lat' dir='ltr'><strong>aunarii,</strong></span> <span class='ocrx_word' id='word_1_108' title='bbox 490 1871 675 1948; x_wconf 84' lang='lat' dir='ltr'><strong>pontificatus</strong></span> <span class='ocrx_word' id='word_1_109' title='bbox 694 1873 788 1930; x_wconf 87' lang='lat' dir='ltr'><strong>nostri</strong></span> <span class='ocrx_word' id='word_1_110' title='bbox 806 1891 880 1934; x_wconf 83' lang='lat' dir='ltr'><strong>anno</strong></span> <span class='ocrx_word' id='word_1_111' title='bbox 899 1873 1004 1946; x_wconf 88' lang='lat' dir='ltr'><strong>primo.</strong></span> <span class='ocrx_word' id='word_1_112' title='bbox 1042 1871 1154 1940; x_wconf 66' lang='lat' dir='ltr'><strong>Amen,</strong></span> <span class='ocrx_word' id='word_1_113' title='bbox 1187 1889 1282 1940; x_wconf 87' lang='lat' dir='ltr'><strong>amen,</strong></span> 
     </span>
    </p>

    <p class='ocr_par' dir='ltr' id='par_1_11' title="bbox 238 1955 345 2018">
     <span class='ocr_line' id='line_1_15' title="bbox 238 1955 345 2018; baseline 0 -6"><span class='ocrx_word' id='word_1_114' title='bbox 238 1955 345 2018; x_wconf 75' lang='lat' dir='ltr'><strong>amen.2</strong></span> 
     </span>
    </p>
   </div>
   <div class='ocr_carea' id='block_1_3' title="bbox 251 2167 1289 2374">
    <p class='ocr_par' dir='ltr' id='par_1_12' title="bbox 251 2163 1289 2374">
     <span class='ocr_line' id='line_1_16' title="bbox 251 2167 1289 2292; baseline -0.002 -26"><span class='ocrx_word' id='word_1_115' title='bbox 251 2197 429 2292; x_wconf 66' lang='lat' dir='ltr'><strong>deutautto</strong></span> <span class='ocrx_word' id='word_1_116' title='bbox 451 2183 654 2274; x_wconf 77' lang='lat' dir='ltr'><strong>Icuoccctti</strong></span> <span class='ocrx_word' id='word_1_117' title='bbox 680 2201 787 2286; x_wconf 78' lang='lat' dir='ltr'><strong>Pupoa</strong></span> <span class='ocrx_word' id='word_1_118' title='bbox 810 2195 907 2264; x_wconf 74' lang='lat' dir='ltr'><strong>tertii</strong></span> <span class='ocrx_word' id='word_1_119' title='bbox 929 2219 1032 2284; x_wconf 77' lang='lat' dir='ltr'><strong>saper</strong></span> <span class='ocrx_word' id='word_1_120' title='bbox 1055 2167 1289 2284; x_wconf 68' lang='lat' dir='ltr'><strong>coemptam</strong></span> 
     </span>
     <span class='ocr_line' id='line_1_17' title="bbox 545 2299 1250 2374; baseline -0.006 -6"><span class='ocrx_word' id='word_1_121' title='bbox 545 2299 803 2374; x_wconf 78' lang='lat' dir='ltr'><strong>Eucsbumcccs&#39;s</strong></span> <span class='ocrx_word' id='word_1_122' title='bbox 828 2299 977 2366; x_wconf 68' lang='lat' dir='ltr'><strong>acucbat.</strong></span> <span class='ocrx_word' id='word_1_123' title='bbox 1247 2299 1250 2304; x_wconf 80' lang='grc'>’</span> 
     </span>
    </p>
   </div>
   <div class='ocr_carea' id='block_1_4' title="bbox 230 2447 1454 4018">
    <p class='ocr_par' dir='ltr' id='par_1_13' title="bbox 230 2447 1454 4018">
     <span class='ocr_line' id='line_1_18' title="bbox 271 2447 1429 2524; baseline 0 -24"><span class='ocrx_word' id='word_1_124' title='bbox 271 2447 457 2502; x_wconf 72' lang='lat' dir='ltr'><strong>Innocentius</strong></span> <span class='ocrx_word' id='word_1_125' title='bbox 484 2447 647 2522; x_wconf 81' lang='lat' dir='ltr'><strong>episcopus,</strong></span> <span class='ocrx_word' id='word_1_126' title='bbox 668 2465 771 2506; x_wconf 82' lang='lat' dir='ltr'><strong>servus</strong></span> <span class='ocrx_word' id='word_1_127' title='bbox 785 2467 786 2470; x_wconf 43' lang='lat'>¹</span> <span class='ocrx_word' id='word_1_128' title='bbox 800 2453 953 2504; x_wconf 79' lang='lat' dir='ltr'><strong>servorum</strong></span> <span class='ocrx_word' id='word_1_129' title='bbox 978 2447 1043 2512; x_wconf 83' lang='lat' dir='ltr'><strong>Dei,</strong></span> <span class='ocrx_word' id='word_1_130' title='bbox 1073 2447 1188 2504; x_wconf 80' lang='lat' dir='ltr'><strong>dilectis</strong></span> <span class='ocrx_word' id='word_1_131' title='bbox 1215 2447 1284 2516; x_wconf 87' lang='lat' dir='ltr'><strong>filiis</strong></span> <span class='ocrx_word' id='word_1_132' title='bbox 1298 2461 1353 2510; x_wconf 86' lang='lat' dir='ltr'><strong>The</strong></span> <span class='ocrx_word' id='word_1_133' title='bbox 1361 2459 1429 2524; x_wconf 71' lang='lat' dir='ltr'><strong>judi.</strong></span> 
     </span>
     <span class='ocr_line' id='line_1_19' title="bbox 236 2527 1442 2602; baseline 0 -20"><span class='ocrx_word' id='word_1_134' title='bbox 236 2529 333 2586; x_wconf 86' lang='lat' dir='ltr'><strong>abbati</strong></span> <span class='ocrx_word' id='word_1_135' title='bbox 353 2537 383 2584; x_wconf 89' lang='lat' dir='ltr'><strong>et</strong></span> <span class='ocrx_word' id='word_1_136' title='bbox 401 2531 540 2588; x_wconf 84' lang='lat' dir='ltr'><strong>fratribus</strong></span> <span class='ocrx_word' id='word_1_137' title='bbox 566 2531 791 2590; x_wconf 76' lang='lat' dir='ltr'><strong>Eveshamensis</strong></span> <span class='ocrx_word' id='word_1_138' title='bbox 811 2531 936 2588; x_wconf 69' lang='lat' dir='ltr'><strong>coenobii</strong></span> <span class='ocrx_word' id='word_1_139' title='bbox 956 2531 1082 2588; x_wconf 88' lang='lat' dir='ltr'><strong>salutem</strong></span> <span class='ocrx_word' id='word_1_140' title='bbox 1100 2535 1131 2584; x_wconf 90' lang='lat' dir='ltr'><strong>et</strong></span> <span class='ocrx_word' id='word_1_141' title='bbox 1149 2527 1346 2602; x_wconf 77' lang='lat' dir='ltr'><strong>apostoli-&#39;cial</strong></span> <span class='ocrx_word' id='word_1_142' title='bbox 1357 2529 1442 2576; x_wconf 81' lang='lat' dir='ltr'><strong>deeree</strong></span> 
     </span>
     <span class='ocr_line' id='line_1_20' title="bbox 235 2595 1454 2708; baseline 0.005 -42"><span class='ocrx_word' id='word_1_143' title='bbox 235 2631 299 2666; x_wconf 92' lang='lat' dir='ltr'><strong>cam</strong></span> <span class='ocrx_word' id='word_1_144' title='bbox 323 2615 566 2672; x_wconf 83' lang='lat' dir='ltr'><strong>benedictionem.</strong></span> <span class='ocrx_word' id='word_1_145' title='bbox 616 2615 661 2694; x_wconf 76' lang='lat' dir='ltr'><strong>Ex</strong></span> <span class='ocrx_word' id='word_1_146' title='bbox 679 2633 729 2670; x_wconf 91' lang='lat' dir='ltr'><strong>ore</strong></span> <span class='ocrx_word' id='word_1_147' title='bbox 748 2613 876 2672; x_wconf 87' lang='lat' dir='ltr'><strong>sedentis</strong></span> <span class='ocrx_word' id='word_1_148' title='bbox 901 2615 932 2672; x_wconf 86' lang='lat' dir='ltr'><strong>iu</strong></span> <span class='ocrx_word' id='word_1_149' title='bbox 950 2613 1054 2672; x_wconf 88' lang='lat' dir='ltr'><strong>throno</strong></span> <span class='ocrx_word' id='word_1_150' title='bbox 1073 2613 1205 2686; x_wconf 88' lang='lat' dir='ltr'><strong>procedit</strong></span> <span class='ocrx_word' id='word_1_151' title='bbox 1223 2615 1284 2684; x_wconf 78' lang='lat' dir='ltr'><strong>gla</strong></span> <span class='ocrx_word' id='word_1_152' title='bbox 1296 2595 1454 2708; x_wconf 56' lang='lat' dir='ltr'><strong>ffIInmoent</strong></span> 
     </span>
     <span class='ocr_line' id='line_1_21' title="bbox 235 2697 1401 2776; baseline -0.001 -25"><span class='ocrx_word' id='word_1_153' title='bbox 235 2697 300 2752; x_wconf 93' lang='lat' dir='ltr'><strong>dius</strong></span> <span class='ocrx_word' id='word_1_154' title='bbox 318 2699 478 2756; x_wconf 70' lang='lat' dir='ltr'><strong>bisacutus.</strong></span> <span class='ocrx_word' id='word_1_155' title='bbox 526 2699 668 2766; x_wconf 79' lang='lat' dir='ltr'><strong>Quoniam</strong></span> <span class='ocrx_word' id='word_1_156' title='bbox 687 2717 722 2754; x_wconf 84' lang='lat' dir='ltr'><strong>ex</strong></span> <span class='ocrx_word' id='word_1_157' title='bbox 740 2715 789 2754; x_wconf 91' lang='lat' dir='ltr'><strong>ore</strong></span> <span class='ocrx_word' id='word_1_158' title='bbox 808 2697 933 2752; x_wconf 82' lang='lat' dir='ltr'><strong>Romani</strong></span> <span class='ocrx_word' id='word_1_159' title='bbox 950 2699 1096 2768; x_wconf 86' lang='lat' dir='ltr'><strong>pontificis</strong></span> <span class='ocrx_word' id='word_1_160' title='bbox 1115 2699 1166 2768; x_wconf 93' lang='lat' dir='ltr'><strong>qui</strong></span> <span class='ocrx_word' id='word_1_161' title='bbox 1184 2697 1284 2768; x_wconf 79' lang='lat' dir='ltr'><strong>prassi-</strong></span> <span class='ocrx_word' id='word_1_162' title='bbox 1298 2731 1327 2774; x_wconf 80' lang='lat'><strong>18</strong></span> <span class='ocrx_word' id='word_1_163' title='bbox 1339 2697 1401 2776; x_wconf 46' lang='lat' dir='ltr'><strong>:tam</strong></span> 
     </span>
     <span class='ocr_line' id='line_1_22' title="bbox 236 2781 1379 2852; baseline 0 -18"><span class='ocrx_word' id='word_1_164' title='bbox 236 2781 285 2834; x_wconf 90' lang='lat' dir='ltr'><strong>det</strong></span> <span class='ocrx_word' id='word_1_165' title='bbox 296 2783 463 2852; x_wconf 82' lang='lat' dir='ltr'><strong>&#39;apostolicae</strong></span> <span class='ocrx_word' id='word_1_166' title='bbox 477 2783 539 2840; x_wconf 83' lang='lat' dir='ltr'><strong>sedi</strong></span> <span class='ocrx_word' id='word_1_167' title='bbox 552 2783 717 2840; x_wconf 89' lang='lat' dir='ltr'><strong>rectissima</strong></span> <span class='ocrx_word' id='word_1_168' title='bbox 731 2783 818 2838; x_wconf 90' lang='lat' dir='ltr'><strong>debet</strong></span> <span class='ocrx_word' id='word_1_169' title='bbox 830 2781 909 2838; x_wconf 82' lang='lat' dir='ltr'><strong>exire</strong></span> <span class='ocrx_word' id='word_1_170' title='bbox 929 2783 1080 2848; x_wconf 87' lang='lat' dir='ltr'><strong>sententia,</strong></span> <span class='ocrx_word' id='word_1_171' title='bbox 1103 2799 1168 2852; x_wconf 77' lang='lat' dir='ltr'><strong>quas</strong></span> <span class='ocrx_word' id='word_1_172' title='bbox 1181 2787 1284 2836; x_wconf 90' lang='lat' dir='ltr'><strong>contra</strong></span> <span class='ocrx_word' id='word_1_173' title='bbox 1297 2795 1379 2846; x_wconf 58' lang='lat'>1206?</span> 
     </span>
     <span class='ocr_line' id='line_1_23' title="bbox 230 2855 1357 2938; baseline 0.001 -20"><span class='ocrx_word' id='word_1_174' title='bbox 230 2863 378 2933; x_wconf 83' lang='lat' dir='ltr'><strong>justitiam</strong></span> <span class='ocrx_word' id='word_1_175' title='bbox 400 2865 474 2918; x_wconf 91' lang='lat' dir='ltr'><strong>nulli</strong></span> <span class='ocrx_word' id='word_1_176' title='bbox 501 2871 603 2938; x_wconf 87' lang='lat' dir='ltr'><strong>parcat</strong></span> <span class='ocrx_word' id='word_1_177' title='bbox 624 2867 675 2920; x_wconf 91' lang='lat' dir='ltr'><strong>sed</strong></span> <span class='ocrx_word' id='word_1_178' title='bbox 693 2855 798 2922; x_wconf 91' lang='lat' dir='ltr'><strong>reddat</strong></span> <span class='ocrx_word' id='word_1_179' title='bbox 826 2863 905 2936; x_wconf 86' lang='lat' dir='ltr'><strong>quod</strong></span> <span class='ocrx_word' id='word_1_180' title='bbox 923 2883 1010 2920; x_wconf 89' lang='lat' dir='ltr'><strong>suum</strong></span> <span class='ocrx_word' id='word_1_181' title='bbox 1038 2871 1083 2920; x_wconf 89' lang='lat' dir='ltr'><strong>est</strong></span> <span class='ocrx_word' id='word_1_182' title='bbox 1110 2865 1278 2936; x_wconf 78' lang='lat' dir='ltr'><strong>unicmque.</strong></span> <span class='ocrx_word' id='word_1_183' title='bbox 1355 2889 1357 2898; x_wconf 37' lang='lat' dir='ltr'><strong>r</strong></span> 
     </span>
     <span class='ocr_line' id='line_1_24' title="bbox 236 2945 1284 3020; baseline 0 -18"><span class='ocrx_word' id='word_1_184' title='bbox 236 2945 331 3014; x_wconf 79' lang='lat' dir='ltr'><strong>Quum</strong></span> <span class='ocrx_word' id='word_1_185' title='bbox 347 2949 441 3018; x_wconf 84' lang='lat' dir='ltr'><strong>igitur</strong></span> <span class='ocrx_word' id='word_1_186' title='bbox 458 2949 536 3004; x_wconf 85' lang='lat' dir='ltr'><strong>inter</strong></span> <span class='ocrx_word' id='word_1_187' title='bbox 553 2969 606 3006; x_wconf 76' lang='lat' dir='ltr'><strong>ros</strong></span> <span class='ocrx_word' id='word_1_188' title='bbox 625 2955 655 3004; x_wconf 92' lang='lat' dir='ltr'><strong>eb</strong></span> <span class='ocrx_word' id='word_1_189' title='bbox 672 2949 867 3008; x_wconf 85' lang='lat' dir='ltr'><strong>venerabilem</strong></span> <span class='ocrx_word' id='word_1_190' title='bbox 888 2949 1008 3002; x_wconf 83' lang='lat' dir='ltr'><strong>fratrem</strong></span> <span class='ocrx_word' id='word_1_191' title='bbox 1024 2955 1156 3004; x_wconf 86' lang='lat' dir='ltr'><strong>nostrum</strong></span> <span class='ocrx_word' id='word_1_192' title='bbox 1168 2949 1284 3020; x_wconf 84' lang='lat' dir='ltr'><strong>Wigor-</strong></span> 
     </span>
     <span class='ocr_line' id='line_1_25' title="bbox 234 3031 1358 3106; baseline 0.002 -22"><span class='ocrx_word' id='word_1_193' title='bbox 234 3047 353 3086; x_wconf 89' lang='lat' dir='ltr'><strong>nensem</strong></span> <span class='ocrx_word' id='word_1_194' title='bbox 383 3031 553 3106; x_wconf 86' lang='lat' dir='ltr'><strong>episcopum</strong></span> <span class='ocrx_word' id='word_1_195' title='bbox 588 3053 676 3104; x_wconf 86' lang='lat' dir='ltr'><strong>super</strong></span> <span class='ocrx_word' id='word_1_196' title='bbox 712 3031 882 3090; x_wconf 86' lang='lat' dir='ltr'><strong>monasterii</strong></span> <span class='ocrx_word' id='word_1_197' title='bbox 919 3031 1011 3088; x_wconf 83' lang='lat' dir='ltr'><strong>vestri</strong></span> <span class='ocrx_word' id='word_1_198' title='bbox 1041 3031 1220 3103; x_wconf 85' lang='lat' dir='ltr'><strong>subjectione</strong></span> <span class='ocrx_word' id='word_1_199' title='bbox 1250 3049 1283 3086; x_wconf 93' lang='lat' dir='ltr'><strong>ac</strong></span> <span class='ocrx_word' id='word_1_200' title='bbox 1353 3069 1358 3074; x_wconf 22' lang='lat' dir='ltr'><strong>a</strong></span> 
     </span>
     <span class='ocr_line' id='line_1_26' title="bbox 232 3107 1358 3190; baseline 0.001 -24"><span class='ocrx_word' id='word_1_201' title='bbox 232 3113 367 3170; x_wconf 89' lang='lat' dir='ltr'><strong>libertate</strong></span> <span class='ocrx_word' id='word_1_202' title='bbox 398 3117 609 3190; x_wconf 85' lang='lat' dir='ltr'><strong>controversia</strong></span> <span class='ocrx_word' id='word_1_203' title='bbox 627 3121 793 3188; x_wconf 77' lang='lat' dir='ltr'><strong>verteretur</strong></span> <span class='ocrx_word' id='word_1_204' title='bbox 821 3119 851 3176; x_wconf 89' lang='lat' dir='ltr'><strong>et</strong></span> <span class='ocrx_word' id='word_1_205' title='bbox 884 3133 936 3170; x_wconf 86' lang='lat' dir='ltr'><strong>nos</strong></span> <span class='ocrx_word' id='word_1_206' title='bbox 966 3133 1031 3176; x_wconf 81' lang='lat' dir='ltr'><strong>cam</strong></span> <span class='ocrx_word' id='word_1_207' title='bbox 1062 3113 1282 3182; x_wconf 82' lang='lat' dir='ltr'><strong>examinandam</strong></span> <span class='ocrx_word' id='word_1_208' title='bbox 1345 3107 1358 3182; x_wconf 80' lang='grc' dir='ltr'><strong> </strong></span> 
     </span>
     <span class='ocr_line' id='line_1_27' title="bbox 234 3197 1284 3272; baseline 0.001 -20"><span class='ocrx_word' id='word_1_209' title='bbox 234 3197 488 3256; x_wconf 79' lang='lat' dir='ltr'><strong>commisissemus</strong></span> <span class='ocrx_word' id='word_1_210' title='bbox 497 3201 647 3272; x_wconf 82' lang='lat' dir='ltr'><strong>judicibus</strong></span> <span class='ocrx_word' id='word_1_211' title='bbox 666 3199 819 3272; x_wconf 83' lang='lat' dir='ltr'><strong>delegatis,</strong></span> <span class='ocrx_word' id='word_1_212' title='bbox 848 3199 905 3272; x_wconf 90' lang='lat' dir='ltr'><strong>ipsi</strong></span> <span class='ocrx_word' id='word_1_213' title='bbox 930 3199 1051 3254; x_wconf 88' lang='lat' dir='ltr'><strong>eandem</strong></span> <span class='ocrx_word' id='word_1_214' title='bbox 1067 3217 1187 3256; x_wconf 60' lang='lat' dir='ltr'><strong>‘causam</strong></span> <span class='ocrx_word' id='word_1_215' title='bbox 1206 3199 1284 3254; x_wconf 53' lang='lat' dir='ltr'><strong>suffra</strong></span> 
     </span>
     <span class='ocr_line' id='line_1_28' title="bbox 234 3277 1348 3352; baseline -0.002 -16"><span class='ocrx_word' id='word_1_216' title='bbox 234 3281 343 3338; x_wconf 87' lang='lat' dir='ltr'><strong>cienter</strong></span> <span class='ocrx_word' id='word_1_217' title='bbox 362 3277 537 3338; x_wconf 84' lang='lat' dir='ltr'><strong>instructam</strong></span> <span class='ocrx_word' id='word_1_218' title='bbox 555 3285 593 3338; x_wconf 90' lang='lat' dir='ltr'><strong>ad</strong></span> <span class='ocrx_word' id='word_1_219' title='bbox 609 3291 739 3342; x_wconf 86' lang='lat' dir='ltr'><strong>nostram</strong></span> <span class='ocrx_word' id='word_1_220' title='bbox 757 3281 945 3352; x_wconf 72' lang='lat' dir='ltr'><strong>praesentiam</strong></span> <span class='ocrx_word' id='word_1_221' title='bbox 963 3283 1149 3348; x_wconf 87' lang='lat' dir='ltr'><strong>remiserunt,</strong></span> <span class='ocrx_word' id='word_1_222' title='bbox 1170 3287 1283 3338; x_wconf 85' lang='lat' dir='ltr'><strong>certum</strong></span> <span class='ocrx_word' id='word_1_223' title='bbox 1347 3325 1348 3328; x_wconf 60' lang='grc'>,</span> 
     </span>
     <span class='ocr_line' id='line_1_29' title="bbox 234 3359 1283 3438; baseline -0.003 -16"><span class='ocrx_word' id='word_1_224' title='bbox 234 3367 364 3438; x_wconf 76' lang='lat' dir='ltr'><strong>partibus</strong></span> <span class='ocrx_word' id='word_1_225' title='bbox 383 3359 541 3426; x_wconf 83' lang='lat' dir='ltr'><strong>terminum</strong></span> <span class='ocrx_word' id='word_1_226' title='bbox 560 3367 744 3438; x_wconf 81' lang='lat' dir='ltr'><strong>praefigentes</strong></span> <span class='ocrx_word' id='word_1_227' title='bbox 764 3383 822 3436; x_wconf 93' lang='lat' dir='ltr'><strong>quo</strong></span> <span class='ocrx_word' id='word_1_228' title='bbox 841 3383 909 3420; x_wconf 91' lang='lat' dir='ltr'><strong>cum</strong></span> <span class='ocrx_word' id='word_1_229' title='bbox 926 3365 1129 3420; x_wconf 74' lang='lat' dir='ltr'><strong>instrumentis</strong></span> <span class='ocrx_word' id='word_1_230' title='bbox 1148 3371 1178 3418; x_wconf 91' lang='lat' dir='ltr'><strong>et</strong></span> <span class='ocrx_word' id='word_1_231' title='bbox 1196 3371 1283 3420; x_wconf 89' lang='lat' dir='ltr'><strong>attes-</strong></span> 
     </span>
     <span class='ocr_line' id='line_1_30' title="bbox 233 3448 1284 3530; baseline 0.002 -30"><span class='ocrx_word' id='word_1_232' title='bbox 233 3449 391 3504; x_wconf 85' lang='lat' dir='ltr'><strong>tationibus</strong></span> <span class='ocrx_word' id='word_1_233' title='bbox 408 3457 508 3506; x_wconf 84' lang='lat' dir='ltr'><strong>nostro</strong></span> <span class='ocrx_word' id='word_1_234' title='bbox 527 3469 558 3512; x_wconf 89' lang='lat' dir='ltr'><strong>se</strong></span> <span class='ocrx_word' id='word_1_235' title='bbox 577 3449 744 3530; x_wconf 84' lang='lat' dir='ltr'><strong>conspectui</strong></span> <span class='ocrx_word' id='word_1_236' title='bbox 762 3453 975 3530; x_wconf 77' lang='lat' dir='ltr'><strong>prasentarent</strong></span> <span class='ocrx_word' id='word_1_237' title='bbox 993 3448 1166 3504; x_wconf 82' lang='lat' dir='ltr'><strong>senteutiam</strong></span> <span class='ocrx_word' id='word_1_238' title='bbox 1184 3467 1284 3518; x_wconf 86' lang='lat' dir='ltr'><strong>recep-</strong></span> 
     </span>
     <span class='ocr_line' id='line_1_31' title="bbox 233 3533 1284 3606; baseline 0.004 -22"><span class='ocrx_word' id='word_1_239' title='bbox 233 3537 315 3588; x_wconf 81' lang='lat' dir='ltr'><strong>turae.</strong></span> <span class='ocrx_word' id='word_1_240' title='bbox 354 3533 492 3590; x_wconf 85' lang='lat' dir='ltr'><strong>Partibus</strong></span> <span class='ocrx_word' id='word_1_241' title='bbox 505 3549 506 3554; x_wconf 72' lang='grc'>’</span> <span class='ocrx_word' id='word_1_242' title='bbox 519 3535 612 3606; x_wconf 82' lang='lat' dir='ltr'><strong>igitur</strong></span> <span class='ocrx_word' id='word_1_243' title='bbox 638 3535 669 3588; x_wconf 89' lang='lat' dir='ltr'><strong>in</strong></span> <span class='ocrx_word' id='word_1_244' title='bbox 695 3533 852 3606; x_wconf 72' lang='lat' dir='ltr'><strong>prasentia</strong></span> <span class='ocrx_word' id='word_1_245' title='bbox 878 3539 980 3588; x_wconf 85' lang='lat' dir='ltr'><strong>nostra</strong></span> <span class='ocrx_word' id='word_1_246' title='bbox 1006 3551 1059 3604; x_wconf 90' lang='lat' dir='ltr'><strong>per</strong></span> <span class='ocrx_word' id='word_1_247' title='bbox 1079 3541 1284 3602; x_wconf 75' lang='lat' dir='ltr'><strong>procuratores</strong></span> 
     </span>
     <span class='ocr_line' id='line_1_32' title="bbox 233 3613 1325 3694; baseline 0 -24"><span class='ocrx_word' id='word_1_248' title='bbox 233 3613 351 3672; x_wconf 87' lang='lat' dir='ltr'><strong>idoneos</strong></span> <span class='ocrx_word' id='word_1_249' title='bbox 378 3617 554 3694; x_wconf 84' lang='lat' dir='ltr'><strong>constitutis,</strong></span> <span class='ocrx_word' id='word_1_250' title='bbox 582 3617 759 3686; x_wconf 77' lang='lat' dir='ltr'><strong>audientiam</strong></span> <span class='ocrx_word' id='word_1_251' title='bbox 786 3617 967 3688; x_wconf 79' lang='lat' dir='ltr'><strong>prabuimus</strong></span> <span class='ocrx_word' id='word_1_252' title='bbox 992 3617 1115 3672; x_wconf 85' lang='lat' dir='ltr'><strong>liberam</strong></span> <span class='ocrx_word' id='word_1_253' title='bbox 1134 3623 1163 3672; x_wconf 92' lang='lat' dir='ltr'><strong>eb</strong></span> <span class='ocrx_word' id='word_1_254' title='bbox 1181 3617 1283 3688; x_wconf 48' lang='lat' dir='ltr'><strong>beniga,</strong></span> <span class='ocrx_word' id='word_1_255' title='bbox 1324 3645 1325 3648; x_wconf 33' lang='lat'>¹</span> 
     </span>
     <span class='ocr_line' id='line_1_33' title="bbox 233 3701 1283 3772; baseline 0.004 -20"><span class='ocrx_word' id='word_1_256' title='bbox 233 3717 308 3754; x_wconf 88' lang='lat' dir='ltr'><strong>nam.</strong></span> <span class='ocrx_word' id='word_1_257' title='bbox 346 3701 385 3756; x_wconf 78' lang='lat' dir='ltr'><strong>Et</strong></span> <span class='ocrx_word' id='word_1_258' title='bbox 404 3701 522 3772; x_wconf 90' lang='lat' dir='ltr'><strong>quidem</strong></span> <span class='ocrx_word' id='word_1_259' title='bbox 541 3701 712 3758; x_wconf 86' lang='lat' dir='ltr'><strong>monasterii</strong></span> <span class='ocrx_word' id='word_1_260' title='bbox 729 3701 822 3760; x_wconf 84' lang='lat' dir='ltr'><strong>vestri</strong></span> <span class='ocrx_word' id='word_1_261' title='bbox 845 3701 1185 3770; x_wconf 83' lang='lat' dir='ltr'><strong>proposuitprocurator</strong></span> <span class='ocrx_word' id='word_1_262' title='bbox 1205 3701 1283 3772; x_wconf 86' lang='lat' dir='ltr'><strong>quod</strong></span> 
     </span>
     <span class='ocr_line' id='line_1_34' title="bbox 230 3783 1281 3856; baseline 0.004 -20"><span class='ocrx_word' id='word_1_263' title='bbox 230 3783 308 3838; x_wconf 91' lang='lat' dir='ltr'><strong>idem</strong></span> <span class='ocrx_word' id='word_1_264' title='bbox 325 3785 537 3842; x_wconf 86' lang='lat' dir='ltr'><strong>monasterium</strong></span> <span class='ocrx_word' id='word_1_265' title='bbox 555 3787 590 3840; x_wconf 86' lang='lat' dir='ltr'><strong>ab</strong></span> <span class='ocrx_word' id='word_1_266' title='bbox 609 3787 674 3856; x_wconf 86' lang='lat' dir='ltr'><strong>ipsa</strong></span> <span class='ocrx_word' id='word_1_267' title='bbox 693 3787 740 3844; x_wconf 88' lang='lat' dir='ltr'><strong>sui</strong></span> <span class='ocrx_word' id='word_1_268' title='bbox 765 3783 937 3842; x_wconf 80' lang='lat' dir='ltr'><strong>fundatione</strong></span> <span class='ocrx_word' id='word_1_269' title='bbox 966 3785 1094 3840; x_wconf 90' lang='lat' dir='ltr'><strong>liberum</strong></span> <span class='ocrx_word' id='word_1_270' title='bbox 1118 3785 1232 3840; x_wconf 82' lang='lat' dir='ltr'><strong>exstitit</strong></span> <span class='ocrx_word' id='word_1_271' title='bbox 1251 3791 1281 3840; x_wconf 92' lang='lat' dir='ltr'><strong>et</strong></span> 
     </span>
     <span class='ocr_line' id='line_1_35' title="bbox 233 3865 1280 3940; baseline 0.007 -21"><span class='ocrx_word' id='word_1_272' title='bbox 233 3875 407 3938; x_wconf 80' lang='lat' dir='ltr'><strong>exemptum,</strong></span> <span class='ocrx_word' id='word_1_273' title='bbox 430 3865 466 3924; x_wconf 88' lang='lat' dir='ltr'><strong>ad</strong></span> <span class='ocrx_word' id='word_1_274' title='bbox 491 3869 546 3924; x_wconf 89' lang='lat' dir='ltr'><strong>hoc</strong></span> <span class='ocrx_word' id='word_1_275' title='bbox 569 3869 751 3940; x_wconf 86' lang='lat' dir='ltr'><strong>probandum</strong></span> <span class='ocrx_word' id='word_1_276' title='bbox 770 3869 927 3938; x_wconf 84' lang='lat' dir='ltr'><strong>privilegia</strong></span> <span class='ocrx_word' id='word_1_277' title='bbox 945 3869 1196 3938; x_wconf 76' lang='lat' dir='ltr'><strong>pradeoessorum</strong></span> <span class='ocrx_word' id='word_1_278' title='bbox 1214 3887 1280 3926; x_wconf 85' lang='lat' dir='ltr'><strong>nos·</strong></span> 
     </span>
     <span class='ocr_line' id='line_1_36' title="bbox 231 3941 1278 4018; baseline 0.003 -16"><span class='ocrx_word' id='word_1_279' title='bbox 231 3951 343 4006; x_wconf 86' lang='lat' dir='ltr'><strong>brorum</strong></span> <span class='ocrx_word' id='word_1_280' title='bbox 362 3953 512 4018; x_wconf 87' lang='lat' dir='ltr'><strong>inducens,</strong></span> <span class='ocrx_word' id='word_1_281' title='bbox 533 3953 591 4008; x_wconf 93' lang='lat' dir='ltr'><strong>duo</strong></span> <span class='ocrx_word' id='word_1_282' title='bbox 606 3941 748 4010; x_wconf 69' lang='lat' dir='ltr'><strong>*videlieet</strong></span> <span class='ocrx_word' id='word_1_283' title='bbox 776 3951 969 4016; x_wconf 72' lang='lat' dir='ltr'><strong>Constantini,</strong></span> <span class='ocrx_word' id='word_1_284' title='bbox 990 3971 1082 4008; x_wconf 89' lang='lat' dir='ltr'><strong>unum</strong></span> <span class='ocrx_word' id='word_1_285' title='bbox 1106 3947 1278 4016; x_wconf 72' lang='lat' dir='ltr'><strong>iunocentii,</strong></span> 
     </span>
    </p>
   </div>
   <div class='ocr_carea' id='block_1_5' title="bbox 208 4035 1282 4132">
    <p class='ocr_par' dir='ltr' id='par_1_14' title="bbox 208 4035 1282 4132">
     <span class='ocr_line' id='line_1_37' title="bbox 208 4035 1282 4132; baseline 0.004 -44"><span class='ocrx_word' id='word_1_286' title='bbox 208 4079 209 4082; x_wconf 13' lang='grc' dir='ltr'>η</span> <span class='ocrx_word' id='word_1_287' title='bbox 233 4037 263 4088; x_wconf 85' lang='lat' dir='ltr'><strong>ct</strong></span> <span class='ocrx_word' id='word_1_288' title='bbox 274 4037 398 4090; x_wconf 89' lang='lat' dir='ltr'><strong>alterurn</strong></span> <span class='ocrx_word' id='word_1_289' title='bbox 410 4035 578 4102; x_wconf 77' lang='lat' dir='ltr'><strong>Alexandri,</strong></span> <span class='ocrx_word' id='word_1_290' title='bbox 598 4055 651 4096; x_wconf 85' lang='lat' dir='ltr'><strong>nec</strong></span> <span class='ocrx_word' id='word_1_291' title='bbox 669 4055 727 4092; x_wconf 86' lang='lat' dir='ltr'><strong>non</strong></span> <span class='ocrx_word' id='word_1_292' title='bbox 744 4035 942 4132; x_wconf 64' lang='lat' dir='ltr'><strong>indulgentias</strong></span> <span class='ocrx_word' id='word_1_293' title='bbox 957 4035 1116 4092; x_wconf 80' lang='lat' dir='ltr'><strong>Clementis</strong></span> <span class='ocrx_word' id='word_1_294' title='bbox 1135 4041 1165 4092; x_wconf 98' lang='lat' dir='ltr'><strong>et</strong></span> <span class='ocrx_word' id='word_1_295' title='bbox 1184 4037 1282 4092; x_wconf 74' lang='lat' dir='ltr'><strong>celes</strong></span> 
     </span>
    </p>
   </div>
   <div class='ocr_carea' id='block_1_6' title="bbox 233 4293 1280 4676">
    <p class='ocr_par' dir='ltr' id='par_1_15' title="bbox 265 4293 1280 4360">
     <span class='ocr_line' id='line_1_38' title="bbox 265 4293 1280 4360; baseline 0.001 -17"><span class='ocrx_word' id='word_1_296' title='bbox 265 4293 730 4360; x_wconf 75' lang='lat' dir='ltr'><strong>¹cestrum]om.Vesp.B.xxiuf‚75b.</strong></span> <span class='ocrx_word' id='word_1_297' title='bbox 776 4295 792 4322; x_wconf 86' lang='lat'><strong>“</strong></span> <span class='ocrx_word' id='word_1_298' title='bbox 809 4293 957 4344; x_wconf 85' lang='lat' dir='ltr'><strong>haberemus</strong></span> <span class='ocrx_word' id='word_1_299' title='bbox 979 4293 1124 4354; x_wconf 59' lang='lat' dir='ltr'><strong>buuaumf’</strong></span> <span class='ocrx_word' id='word_1_300' title='bbox 1147 4309 1204 4358; x_wconf 80' lang='lat' dir='ltr'><strong>says</strong></span> <span class='ocrx_word' id='word_1_301' title='bbox 1232 4309 1280 4344; x_wconf 79' lang='lat' dir='ltr'><strong>our</strong></span> 
     </span>
    </p>

    <p class='ocr_par' dir='ltr' id='par_1_16' title="bbox 264 4371 1278 4440">
     <span class='ocr_line' id='line_1_39' title="bbox 264 4371 1278 4440; baseline 0.002 -18"><span class='ocrx_word' id='word_1_302' title='bbox 264 4373 379 4424; x_wconf 77' lang='lat' dir='ltr'><strong>²Amen.</strong></span> <span class='ocrx_word' id='word_1_303' title='bbox 397 4411 403 4424; x_wconf 92' lang='lat'><em>.</em></span> <span class='ocrx_word' id='word_1_304' title='bbox 423 4371 523 4440; x_wconf 61' lang='lat' dir='ltr'><strong>mmm]</strong></span> <span class='ocrx_word' id='word_1_305' title='bbox 544 4389 593 4424; x_wconf 81' lang='lat' dir='ltr'><strong>om.</strong></span> <span class='ocrx_word' id='word_1_306' title='bbox 610 4373 669 4426; x_wconf 77' lang='lat' dir='ltr'><strong>ibid.</strong></span> <span class='ocrx_word' id='word_1_307' title='bbox 777 4373 873 4432; x_wconf 88' lang='lat' dir='ltr'><strong>author,</strong></span> <span class='ocrx_word' id='word_1_308' title='bbox 899 4371 977 4436; x_wconf 74' lang='lat' dir='ltr'><strong>infla,</strong></span> <span class='ocrx_word' id='word_1_309' title='bbox 1004 4387 1029 4436; x_wconf 85' lang='lat' dir='ltr'><strong>p.</strong></span> <span class='ocrx_word' id='word_1_310' title='bbox 1051 4373 1131 4436; x_wconf 79' lang='lat'>184);</span> <span class='ocrx_word' id='word_1_311' title='bbox 1160 4373 1202 4422; x_wconf 79' lang='lat' dir='ltr'><strong>the</strong></span> <span class='ocrx_word' id='word_1_312' title='bbox 1227 4373 1278 4438; x_wconf 85' lang='lat' dir='ltr'><strong>day</strong></span> 
     </span>
    </p>

    <p class='ocr_par' dir='ltr' id='par_1_17' title="bbox 233 4449 1279 4676">
     <span class='ocr_line' id='line_1_40' title="bbox 263 4449 1278 4516; baseline 0.002 -16"><span class='ocrx_word' id='word_1_313' title='bbox 263 4451 348 4502; x_wconf 79' lang='lat' dir='ltr'><strong>³This</strong></span> <span class='ocrx_word' id='word_1_314' title='bbox 358 4451 381 4504; x_wconf 90' lang='lat' dir='ltr'><strong>is</strong></span> <span class='ocrx_word' id='word_1_315' title='bbox 397 4453 440 4502; x_wconf 84' lang='lat' dir='ltr'><strong>the</strong></span> <span class='ocrx_word' id='word_1_316' title='bbox 457 4453 514 4502; x_wconf 85' lang='lat' dir='ltr'><strong>date</strong></span> <span class='ocrx_word' id='word_1_317' title='bbox 534 4455 565 4502; x_wconf 85' lang='lat' dir='ltr'><strong>of</strong></span> <span class='ocrx_word' id='word_1_318' title='bbox 576 4453 618 4502; x_wconf 83' lang='lat' dir='ltr'><strong>the</strong></span> <span class='ocrx_word' id='word_1_319' title='bbox 636 4453 686 4516; x_wconf 80' lang='lat' dir='ltr'><strong>day</strong></span> <span class='ocrx_word' id='word_1_320' title='bbox 697 4465 732 4498; x_wconf 85' lang='lat' dir='ltr'><strong>on</strong></span> <span class='ocrx_word' id='word_1_321' title='bbox 776 4465 810 4498; x_wconf 91' lang='lat' dir='ltr'><strong>on</strong></span> <span class='ocrx_word' id='word_1_322' title='bbox 829 4449 915 4498; x_wconf 78' lang='lat' dir='ltr'><strong>which</strong></span> <span class='ocrx_word' id='word_1_323' title='bbox 936 4457 1052 4500; x_wconf 87' lang='lat' dir='ltr'><strong>sentence</strong></span> <span class='ocrx_word' id='word_1_324' title='bbox 1072 4465 1124 4502; x_wconf 79' lang='lat' dir='ltr'><strong>was</strong></span> <span class='ocrx_word' id='word_1_325' title='bbox 1145 4451 1200 4502; x_wconf 84' lang='lat' dir='ltr'><strong>first</strong></span> <span class='ocrx_word' id='word_1_326' title='bbox 1221 4469 1278 4516; x_wconf 85' lang='lat' dir='ltr'><strong>pro-</strong></span> 
     </span>
     <span class='ocr_line' id='line_1_41' title="bbox 233 4527 1279 4598; baseline 0.008 -24"><span class='ocrx_word' id='word_1_327' title='bbox 233 4527 315 4580; x_wconf 81' lang='lat' dir='ltr'><strong>which</strong></span> <span class='ocrx_word' id='word_1_328' title='bbox 325 4531 368 4582; x_wconf 80' lang='lat' dir='ltr'><strong>the</strong></span> <span class='ocrx_word' id='word_1_329' title='bbox 379 4533 465 4582; x_wconf 76' lang='lat' dir='ltr'><strong>decr-ee</strong></span> <span class='ocrx_word' id='word_1_330' title='bbox 476 4547 526 4582; x_wconf 83' lang='lat' dir='ltr'><strong>was</strong></span> <span class='ocrx_word' id='word_1_331' title='bbox 537 4531 627 4596; x_wconf 79' lang='lat' dir='ltr'><strong>finally</strong></span> <span class='ocrx_word' id='word_1_332' title='bbox 637 4529 729 4598; x_wconf 80' lang='lat' dir='ltr'><strong>signed</strong></span> <span class='ocrx_word' id='word_1_333' title='bbox 776 4529 891 4582; x_wconf 88' lang='lat' dir='ltr'><strong>nounced</strong></span> <span class='ocrx_word' id='word_1_334' title='bbox 910 4545 970 4592; x_wconf 84' lang='lat' dir='ltr'><strong>was,</strong></span> <span class='ocrx_word' id='word_1_335' title='bbox 990 4545 1017 4580; x_wconf 82' lang='lat' dir='ltr'><strong>as</strong></span> <span class='ocrx_word' id='word_1_336' title='bbox 1036 4545 1075 4580; x_wconf 79' lang='lat' dir='ltr'><strong>we</strong></span> <span class='ocrx_word' id='word_1_337' title='bbox 1092 4529 1156 4582; x_wconf 87' lang='lat' dir='ltr'><strong>have</strong></span> <span class='ocrx_word' id='word_1_338' title='bbox 1176 4547 1236 4582; x_wconf 83' lang='lat' dir='ltr'><strong>seen</strong></span> <span class='ocrx_word' id='word_1_339' title='bbox 1253 4541 1279 4584; x_wconf 84' lang='lat' dir='ltr'><strong>at</strong></span> 
     </span>
     <span class='ocr_line' id='line_1_42' title="bbox 233 4607 990 4676; baseline 0.005 -22"><span class='ocrx_word' id='word_1_340' title='bbox 233 4607 281 4654; x_wconf 81' lang='lat' dir='ltr'><strong>and</strong></span> <span class='ocrx_word' id='word_1_341' title='bbox 314 4609 398 4660; x_wconf 82' lang='lat' dir='ltr'><strong>scaled</strong></span> <span class='ocrx_word' id='word_1_342' title='bbox 426 4611 462 4674; x_wconf 88' lang='lat'><strong>(“</strong></span> <span class='ocrx_word' id='word_1_343' title='bbox 477 4625 554 4676; x_wconf 89' lang='lat' dir='ltr'><strong>quum</strong></span> <span class='ocrx_word' id='word_1_344' title='bbox 581 4609 731 4660; x_wconf 78' lang='lat' dir='ltr'><strong>sententiam</strong></span> <span class='ocrx_word' id='word_1_345' title='bbox 776 4623 799 4670; x_wconf 85' lang='lat' dir='ltr'><strong>p.</strong></span> <span class='ocrx_word' id='word_1_346' title='bbox 815 4607 870 4670; x_wconf 84' lang='lat'><strong>169,</strong></span> <span class='ocrx_word' id='word_1_347' title='bbox 884 4613 916 4656; x_wconf 85' lang='lat'><strong>24</strong></span> <span class='ocrx_word' id='word_1_348' title='bbox 927 4607 990 4658; x_wconf 89' lang='lat' dir='ltr'><strong>Dec.</strong></span> 
     </span>
    </p>
   </div>
   <div class='ocr_carea' id='block_1_7' title="bbox 1074 4693 1146 4754">
    <p class='ocr_par' dir='ltr' id='par_1_18' title="bbox 1074 4693 1146 4754">
     <span class='ocr_line' id='line_1_43' title="bbox 1074 4693 1146 4754; baseline 0.028 -2"><span class='ocrx_word' id='word_1_349' title='bbox 1074 4693 1146 4754; x_wconf 67' lang='lat' dir='ltr'><strong>ua</strong></span> 
     </span>
    </p>
   </div>
   <div class='ocr_carea' id='block_1_8' title="bbox 0 0 1658 5666">
    <p class='ocr_par' dir='ltr' id='par_1_19' title="bbox 0 0 1658 5666">
     <span class='ocr_line' id='line_1_44' title="bbox 0 0 1658 5666; baseline 0 2"><span class='ocrx_word' id='word_1_350' title='bbox 0 0 1658 5666; x_wconf 95' lang='lat' dir='ltr'><strong> </strong></span> 
     </span>
    </p>
   </div>
  </div>
 </body>
</html>
