3308 5666
375 703 446 780 *17¹4
581 703 783 776 caucurcou
805 715 963 774 saalum
986 719 1033 772 na
1056 717 1227 774 uvssnuu.
1315 673 1334 746 Ῐ

211 911 432 970 A.D.1206.bus
455 911 641 986 impertimur
670 921 831 976 assensum,
860 913 891 966 εὴ
917 909 1127 968 monasterium
1156 907 1339 968 lluesbamiae
1371 911 1429 978 cui,

236 983 338 1052 [¹133d
378 997 440 1054 Deo
464 1005 591 1066 auctore,
612 997 762 1070 praesides,
778 989 861 1066 ¹qnod
878 1011 897 1052 a
919 1001 1050 1070 tempore
1071 993 1249 1052 fundationis
1269 1009 1329 1050 suas
1349 995 1431 1054 sedes

377 1085 536 1156 apostolica
554 1081 729 1154 specialibus
747 1079 879 1134 decrevit
890 1079 1056 1150 privilegiis
1068 1079 1278 1144 honorandum,
1290 1079 1344 1136 sub
1352 1079 1440 1136 beati'

373 1169 458 1224 Petri
489 1173 519 1224 εὴ
547 1173 648 1224 nostra
674 1163 852 1240 protectione
883 1163 1070 1236 suscipimus,
1091 1171 1120 1218 et
1148 1165 1302 1236 praesentis
1329 1165 1431 1238 scripti

308 1285 313 1292 -
351 1271 357 1290 ·-
374 1253 531 1324 privilegio
544 1251 773 1316 communimns;
789 1243 955 1306 Statuentes
968 1253 1002 1304 ut
1014 1265 1202 1320 quascunque
1220 1249 1433 1320 possessiones,

376 1349 555 1408 quascunque
567 1335 651 1400 bona,
672 1335 751 1388 idem
771 1333 852 1388 locus
874 1333 1127 1410 inpraesentiarum
1147 1333 1228 1404 juste
1243 1339 1277 1394 ,εὴ
1294 1333 1430 1388 canonice

375 1421 513 1492 possidet,
542 1423 594 1474 'aut
626 1419 658 1474 in
688 1419 820 1474 futurum
846 1419 1031 1474 concessione
1062 1417 1241 1490 pontificum,
1273 1415 1430 1490 largitione

375 1523 480 1576 regum
497 1503 546 1560 vel
563 1501 738 1574 principum,
752 1499 896 1556 oblatione
915 1501 1055 1568 fidelium,
1065 1553 1067 1556 .
1077 1519 1130 1558 seu
1147 1501 1213 1558 aliis
1228 1501 1318 1572 justis
1336 1501 1431 1556 modis

376 1587 485 1658 poterit
523 1585 667 1656 adipisci,
683 1585 768 1640 firma
792 1583 845 1638 tibi
873 1585 992 1656 tuisque
1019 1585 1237 1642 successoribus
1263 1589 1293 1640 εὴ
1317 1585 1432 1640 illibata

376 1671 578 1742 permancant
617 1669 806 1742 Sepulturam
836 1673 952 1740 quoque
989 1669 1121 1740 ejusdem
1150 1668 1208 1724 loci
1225 1669 1349 1724 liberam
1367 1687 1430 1724 esse

376 1757 492 1810 omnino
509 1755 702 1820 decrevimus,
722 1757 875 1808 uteorum
894 1753 944 1824 qui
964 1771 994 1810 se
1013 1753 1055 1808 ibi
1074 1753 1193 1824 sepeliri
1206 1753 1432 1810 deliberaverint

315 1857 317 1862 ·
376 1835 525 1896 dovotioni
556 1843 753 1896 crearemus
783 1837 928 1892 voluntati
958 1837 1057 1892 nullus
1088 1837 1219 1892 obsistat.
1277 1835 1430 1892 Sancirnus

377 1921 465 1980 etism
493 1939 530 1978 ne
559 1923 593 1978 in
621 1915 721 1978 restra
752 1921 869 1976 abbatia
900 1927 951 1976 aut
975 1921 1007 1976 in
1034 1921 1154 1992 capellis
1185 1921 1299 1990 vestris
1323 1921 1430 1994 aliquis

377 2005 530 2080 episcopus
550 2005 740 2078 [εγιιοᾱωῃ]1
758 2007 804 2062 vel
822 2005 951 2078 capitula
969 2011 1020 2060 aut
1037 2005 1234 2062 ordinationes
1250 2013 1306 2062 aut
1324 2007 1428 2062 missas
1477 1999 1478 2004 ἵ

375 2089 507 2162 publicas
535 2089 592 2148 nisi
618 2091 759 2154 invitatus
785 2089 822 2144 ab
846 2089 948 2146 abbate
975 2089 1056 2146 illius
1083 2091 1141 2146 loci
1166 2091 1215 2148 vel
1242 2109 1260 2146 a
1289 2091 1428 2154 fratribus

376 2177 522 2232 celebrare
539 2179 707 2246 prasumat.
743 2173 910 2236 Oblationes
938 2175 1026 2230 etiam
1053 2173 1169 2246 quaein
1194 2173 1295 2228 eadem
1315 2175 1430 2230 abbatia

375 2259 424 2330 vel
441 2261 473 2314 in
490 2261 604 2316 caeteris
620 2259 755 2316 'ecclesiis
773 2257 879 2314 vestris
902 2251 942 2312 ‘ad
969 2249 1089 2314 manum
1100 2259 1246 2328 pontificis
1264 2259 1313 2314 vel
1331 2257 1428 2330 cujus*-

375 2341 448 2400 libet
473 2345 516 2398 ibi
541 2345 662 2400 missam
687 2341 1173 2400 celebrantis·offeruntnrvestris
1192 2343 1295 2400 usibus
1313 2345 1426 2408 cedant,

375 2443 429 2486 nec
456 2419 567 2484 eisdem
593 2429 726 2500 personis
757 2441 805 2484 cas
833 2427 889 2484 sibi
917 2429 1043 2482 retinere
1063 2434 1113 2483 aut
1131 2427 1246 2486 clericis
1271 2429 1319 2484 vel
1345 2429 1428 2484 laicis

279 2579 280 2584 ἵ
376 2513 552 2570 distribuere
581 2513 677 2568 liceat.
714 2513 849 2568 Decimas
876 2513 996 2582 insuper
1022 2531 1104 2582 quas„
1121 2513 1274 2584 bucusque
1292 2513 1428 2584 canonice

375 2597 543 2654 obtinuistis
557 2597 593 2652 in
609 2597 783 2652 refectiones
801 2611 963 2668 pauperum
973 2597 1023 2652 vel
1034 2597 1066 2650 in
1078 2597 1249 2652 aedilicia'ct
1261 2605 1429 2670 ornamenta
1489 2635 1490 2638 =

371 2681 573 2746 ecclesiarum,
602 2675 797 2738 distribuendi
820 2679 912 2750 juxta
929 2679 1169 2736 consuetudinem
1196 2681 1272 2750 apud
1290 2699 1342 2738 vos
1361 2681 1428 2736 bac-

315 2831 316 2834 ,
374 2771 459 2822 tenus
489 2767 618 2820 habitam
641 2765 765 2820 liberam
789 2765 881 2820 vobis
901 2765 1086 2820 concedimus
1104 2765 1290 2820 facultatem.
1327 2765 1429 2822 Liceat

375 2867 491 2920 quoque
508 2849 591 2906 vobis
610 2843 731 2906 clericos
749 2849 797 2904 vel
820 2849 908 2904 laicos
932 2845 952 2902 ¹e
978 2849 1084 2904 saeculo
1102 2849 1259 2918 fugientes,
1277 2849 1335 2906 nisi
1354 2851 1428 2906 forte

353 2933 462 2990 ·ccrtis
482 2951 517 2988 ex
535 2933 631 2988 causis
659 2933 899 2988 excommunicati
927 2933 995 2998 sint,
1025 2933 1135 3004 absquo
1172 2933 1296 3006 alicujus
1316 2933 1427 2990 contra-

374 3019 500 3078 dictione
528 3017 565 3072 ad
590 3017 808 3074 conversionem
833 3017 991 3086 suscipere,
1011 3009 1049 3072 τεὴ
1069 3035 1104 3072 εὴ
1131 3019 1259 3088 quaeda
1283 3019 1351 3090 jure
1374 3037 1427 3076 suo

374 3101 507 3172 legitime
539 3117 637 3156 secum
662 3101 827 3157 ¹attulerint
851 3101 954 3156 usibus
981 3101 1152 3156 monasterii
1170 3099 1312 3158 cedant
1355 3101 1425 3158 Pro-

375 3185 511 3242 hibemns
531 3203 601 3242 sane
619 3201 655 3238 ne
684 3185 798 3256 altaria,
829 3185 1001 3258 coemiteria,
1030 3183 1163 3250 decimas,
1190 3191 1220 3240 et
1246 3201 1426 3258 quaecunque

375 3271 433 3326 alia
451 3269 583 3340 ejusdem
601 3267 770 3326 monasterii
795 3269 872 3342 juris
900 3261 1037 3334 existunt,
1059 3287 1076 3326 a
1101 3269 1232 3340 quolibet
1257 3263 1425 3326 auferantur
1485 3293 1486 3296 ¹

374 3355 423 3412 vel
446 3353 622 3420 minuantur,
649 3371 702 3410 nec
731 3371 784 3424 pro
815 3349 962 3408 communi
991 3353 1079 3408 terra
1108 3353 1264 3410 interdicto
1295 3359 1426 3412 vestrum

376 3437 625 3494 monasteriuma
650 3437 868 3494 divinisvacet
894 3437 1005 3502 officiis,
1036 3437 1088 3492 sed
1112 3439 1220 3494 clausis
1242 3439 1350 3510 januis,
1378 3457 1425 3494 ex-

376 3523 465 3578 clusis
485 3521 740 3590 excommunicatis
752 3519 801 3576 vel
819 3513 993 3586 interdictis,
1015 3519 1115 3578 divina
1132 3521 1220 3578 liceat
1231 3523 1314 3578 vobis
1333 3525 1426 3580 officia
1498 3563 1499 3568 κ

375 3605 522 3662 submissa
537 3605 611 3662 voce
634 3605 791 3668 celebrare,
812 3608 842 3658 εὴ
853 3605 958 3658 debita
976 3605 1135 3674 sepulturas
1153 3611 1214 3660 tam
1231 3607 1314 3664 vobis
1337 3611 1425 3680 quam

242 3687 243 3690 ’
277 3737 278 3740 ,
359 3688 493 3746 ·famulis
522 3685 629 3746 vestris
656 3687 834 3760 impendere.
880 3687 1012 3742 Obeunte
1036 3705 1107 3744 vero
1133 3695 1164 3746 te
1191 3709 1267 3746 nunc
1293 3693 1425 3762 ejusdem

375 3775 434 3848 loci
458 3773 561 3830 abbate
575 3773 626 3828 ‘vel
650 3777 768 3828 tuorum
790 3769 921 3844 quolibet
941 3789 1152 3840 successorum,
1175 3775 1274 3830 nullus
1293 3776 1335 3830 ibi
1355 3795 1424 3848 qua·

374 3859 448 3914 libet
472 3855 667 3928 subreptionis
686 3855 794 3912 astutia
812 3873 864 3912 seu
881 3855 1021 3914 violentia
1043 3863 1239 3928 praeponatur,
1260 3857 1317 3914 nisi
1337 3877 1425 3932 quem

375 3945 482 3998 fratres
506 3939 657 4014 ejusdem²
680 3941 737 3996 loci
756 3939 904 3996 commmri
923 3959 1050 3998 assensu
1060 3943 1108 3998 vel
1127 3937 1253 4008 fratrum
1269 3951 1338 4014 pars
1357 3963 1442 4002 con·¹

377 4025 453 4084 silii³
479 4025 602 4084 sanioris
626 4025 778 4096 elegerint.
816 4025 871 4094 Qui
896 4025 927 4080 in
950 4025 1052 4082 eadem
1076 4027 1200 4084 ecclesia
1218 4027 1327 4100 absque
1345 4029 1424 4084 omni

377 4101 534 4176 exactione,
560 4127 577 4164 a
602 4127 776 4180 quocunque
803 4109 940 4165 maluerit
965 4109 1156 4166 benedicatur
1182 4111 1326 4184 episcop0,
1353 4115 1424 4168 dum

376 4197 490 4252 tamen4
517 4195 675 4252 catholicus
695 4195 734 4250 sit
753 4197 782 4248 et
809 4195 935 4264 gratiam
963 4195 1040 4250 sedis
1069 4195 1251 4264 apostolicae⁵
1268 4197 1374 4254 habeat
1394 4204 1425 4254 et

410 4423 555 4490 ¹syuodum]
577 4423 655 4488 Vesp.
677 4423 707 4474 B.
728 4421 808 4484 xxia,
828 4415 870 4472 iol.
956 4423 1069 4490 ⁴tcmt'n]
1081 4423 1422 4490 dummodo‚Vssp.B.xxiv.

378 4507 442 4556 reb.
670 4521 672 4524 ·
957 4503 1043 4554 ⁵redis
1055 4503 1206 4570 apostolica]
1215 4505 1338 4558 Romana
1349 4503 1422 4558 sedis.

383 4635 384 4638 ,
408 4583 544 4648 'aarum
559 4583 622 4646 ejus.
656 4583 720 4632 niu
780 4639 782 4642 ,
923 4581 990 4632 niu.

410 4661 537 4728 ”consilifl
551 4657 661 4724 concilii,
673 4657 728 4714 MS.
