3300 5666
423 821 622 872 onuourcou
644 817 801 870 Ansina*
824 817 870 870 uu
893 819 1060 870 nussum.
1223 811 1264 874 43

222 1005 360 1086 veniret,
384 1001 539 1090 suamque
565 1005 654 1070 illam
681 1009 802 1070 terram
826 1027 893 1072 esse
917 1007 953 1070 in
980 1029 1044 1092 qua
1069 1007 1265 1074 consistebat
1278 1019 1426 1074 1110070.

192 1151 194 1154 -
218 1109 353 1196 juraret.
395 1109 560 1174 Oonces'sit
586 1109 878 1174 arridentianimo
905 1109 1053 1188 rusticus,
1079 1109 1181 1196 pluris
1207 1111 1266 1174 ha·

221 1211 302 1278 bens
317 1211 447 1278 obolum
464 1235 562 1300 quarn
577 1211 767 1298 abjurandae
789 1213 867 1280 fidei
889 1235 957 1280 suae
978 1213 1164 1300 periculum.
1211 1201 1265 1280 Ad

221 1315 307 1382 diem
323 1337 397 1402 ergo
413 1321 574 1382 statutum
597 1337 662 1402 000
683 1315 976 1382 controversiarum
998 1315 1073 1380 finis
1095 1315 1265 1382 habendus

222 1427 300 1500 erat,
332 1423 469 1504 uterque
499 1421 541 1484 ad
571 1419 676 1484 locum
714 1419 856 1500 accessit,
889 1419 1032 1486 subituri
1069 1419 1265 1486 sententiam

222 1545 319 1610 quarn
349 1545 445 1610 super
465 1523 526 1586 hac
557 1545 592 1586 rc
617 1523 702 1610 juris
732 1543 770 1586 ac
807 1523 888 1608 legis
918 1523 1017 1610 periti
1048 1523 1264 1588 decreverant.

221 1625 355 1692 Summo
386 1647 479 1690 mane
510 1625 611 1712 ipsius
642 1625 706 1690 diei
743 1625 831 1712 prior
865 1627 1012 1704 ecclesiae,
1044 1625 1096 1688 vir
1136 1645 1264 1688 morum

190 1741 192 1744 ’
220 1727 425 1794 venerandus
455 1727 625 1792 honestate
664 1733 697 1794 01
738 1733 870 1792 actuum
913 1727 1087 1814 probitate,
1130 1727 1262 1792 nomine

221 1829 379 1910 Wiuedus,
396 1835 473 1896 ante
497 1829 602 1896 sancti
625 1829 780 1916 reliquias
803 1829 895 1896 humi
922 1835 1115 1918 prostratus,
1142 1829 1262 1896 obnixe

220 1933 277 2000 diu
293 1933 419 2014 orauit3
441 1955 536 2000 orans
560 1933 681 2000 Decet
707 1939 818 2000 sancto
841 1955 972 1998 causam
988 1955 1080 1998 suam
1103 1953 1263 2000 commen·

219 2037 334 2118 davit;
364 2037 621 2102 commendando
644 2043 768 2124 septem
806 2039 947 2124 psalmos
977 2059 1057 2122 quos
1094 2059 1137 2102 ex
1174 2059 1263 2102 more
1351 2023 1358 2044 ⁵

218 2141 457 2226 poenitentiales
495 2141 617 2226 dicunt,
653 2141 854 2228 lachrymose
893 2141 1025 2204 omnino
1067 2139 1263 2226 decantavit.
1368 2219 1369 2222 Ἴ
1404 2193 1405 2198 ,

220 2243 383 2310 Peroratis
416 2243 610 2330 'suppliciter
640 2243 781 2330 psalmis,
821 2245 939 2310 fratres
977 2249 1016 2306 ut
1056 2243 1116 2308 hoc
1153 2243 1262 2330 ipsum

220 2351 355 2432 agerent
380 2355 581 2432 summopere
612 2347 804 2428 admonuit;
836 2351 869 2414 01
899 2367 973 2408 curn
1004 2345 1155 2430 reliquiis¹
1175 2345 1264 2412 beati

221 2447 369 2534 Eogwini
386 2449 427 2512 ad
450 2447 652 2530 subeundam
670 2449 787 2534 judicii
803 2471 972 2516 censuram
997 2449 1107 2534 pergit
1131 2449 1207 2534 ipsc,
1232 2453 1265 2512 01

220 2573 293 2618 cum
316 2573 353 2618 00
379 2551 521 2638 plurima
550 2551 687 2616 fratrum
716 2551 907 2618 multitudo.
971 2549 1080 2614 Affuit
1107 2573 1149 2618 ex
1170 2555 1263 2636 parte

220 2653 294 2718 alia
314 2655 497 2720 rusticanus
525 2675 598 2718 curn
629 2653 734 2718 multo
765 2655 961 2720 rusticorum
991 2653 1147 2732 tumultu,
1165 2659 1263 2740 atque

219 2755 544 2842 tergiversationibus
566 2757 731 2844 populosis
766 2779 833 2822 rem
855 2756 990 2822 turbare
1017 2759 1054 2824 ac
1075 2775 1193 2822 'verum
1215 2757 1264 2820 in-

220 2861 364 2944 quietare
379 2863 549 2944 conantur.
590 2859 735 2926 Tandem
751 2847 937 2946 compulsus
953 2863 1002 2924 est
1018 2861 1062 2924 ad
1085 2881 1263 2926 sacramen-

218 2967 291 3026 tum
306 2945 454 3030 accedere
469 2963 616 3028 rusticus.
653 2961 844 3050 Sumpserat
860 2963 899 3028 de
912 2961 1011 3028 ,domo
1024 2983 1082 3028 sua
1097 2963 1264 3050 pulverem

218 3071 299 3152 eteo
323 3066 507 3132 subtulares
532 3083 606 3132 suos
633 3065 832 3152 impleverat,
859 3071 898 3132 ut
920 3071 997 3130 tuto
1016 3065 1130 3152 jtrrare
1153 3071 1263 3152 posset

220 3169 306 3254 quod
336 3191 434 3256 supra
462 3173 582 3234 terram
609 3191 703 3232 suam
730 3169 927 3236 consisteret.
985 3167 1014 3236 0
1044 3193 1119 3236 vere
1143 3169 1278 3234 rustica

219 3267 301 3360 (non
324 3273 395 3338 dico
425 3273 548 3338 astutia
578 3267 651 3356 sed)
677 3269 828 3350 stultitia,
852 3271 906 3338 vel
927 3271 1062 3338 fortasse
1086 3271 1166 3336 satis
1187 3293 1263 3338 con·

220 3365 315 3460 digne
345 3373 468 3440 rustica
497 3375 624 3440 dicetur
655 3375 799 3458 astutia!
857 3372 1094 3440 Arbitrabatur
1118 3373 1263 3438 fortassis

218 3477 305 3562 quod
329 3475 437 3544 Deum
451 3469 551 3544 latere
574 3485 685 3566 posset
704 3477 792 3542 fraus
816 3493 889 3562 quae
904 3477 942 3542 in
956 3475 1093 3542 tellure¹
1123 3477 1263 3558 tateret3

173 3629 177 3648 ,-
219 3585 255 3644 01
285 3581 383 3644 etiam
417 3581 452 3644 in
483 3580 643 3646 subtulari
674 3581 763 3648 Deus
792 3581 942 3646 fraudem
972 3581 1086 3646 rustici
1121 3601 1263 3668 compre-

218 3671 342 3748 hendit.
395 3683 483 3748 Nam
499 3671 557 3750 ubi
572 3683 714 3750 rusticus
729 3685 797 3772 ipse
830 3683 873 3764 ad
905 3683 1062 3768 reliquias
1091 3683 1262 3770 juraturus

218 3809 351 3852 manum
365 3785 519 3872 porrexit,
536 3787 639 3852 ferreo
662 3787 813 3852 falcastro
830 3787 917 3872 quod
932 3789 969 3852 in
984 3807 1085 3852 manu
1100 3787 1259 3874 gestabat,

218 3891 324 3956 nescio
349 3911 413 3974 000
429 3897 512 3968 casu,
531 3891 567 3978 in
590 3889 721 3956 cerebro
745 3911 922 3978 percussus,
944 3891 1054 3956 subito
1078 3893 1120 3954 ad
1139 3897 1261 3956 terram
1366 3925 1367 3930 κ

219 3997 366 4058 mortuus
396 3993 478 4074 ruit3
509 3997 543 4058 01
557 3993 783 4080 ignominiosa,
809 3993 865 4058 sed
888 3993 978 4080 00011
1002 3993 1095 4058 illum
1120 3995 1261 4070 decebat,

218 4101 322 4162 morte
352 4097 456 4178 vitam
486 4117 559 4168 curn
581 4101 678 4164 ,terra
709 4097 814 4162 sancti
841 4119 948 4162 coram
971 4089 1122 4164 omnibus
1144 4095 1261 4162 amisit.

220 4195 291 4266 Hoc
317 4199 438 4264 divinae
468 4199 727 4266 comminationis
761 4207 883 4268 terrore
918 4205 951 4266 et
986 4201 1042 4286 001
1066 4201 1202 4266 aderant
1229 4203 1262 4262 01

218 4303 272 4390 001
309 4303 405 4394 longe
438 4305 568 4392 lateque
599 4305 776 4372 audiebant
812 4305 973 4392 exterriti,
1006 4305 1124 4372 exinde
1153 4305 1259 4370 locum

218 4551 588 4562 uua—mmmm

611 4665 618 4712 1
630 4675 723 4746 tellure]
737 4653 828 4742 telluri,
840 4679 896 4730 MS.
