3308 5666
809 701 996 752 memora.
1068 677 1071 720 ἴ

530 1043 708 1116 Ooewtcsio
731 1013 1133 1112 subauscultando
1156 997 1280 1132 Odatfi.

424 1205 547 1274 Verum
570 1181 648 1292 quia
669 1205 924 1272 innumerabilia
946 1211 1026 1274 sunt
1049 1229 1122 1292 quae
1147 1205 1238 1272 Deus
1264 1227 1323 1292 per
1349 1205 1425 1270 bea·

378 1307 542 1374 tissimum
573 1313 702 1394 patrem
732 1313 883 1374 nostrum
913 1313 1061 1376 sanetum
1088 1297 1246 1374 Odulium
1270 1311 1423 1394 operatus
1467 1361 1470 1370 .

279 1411 280 1414 ’
377 1401 616 1490 cst'miracula,
639 1409 800 1496 ponamus
830 1433 920 1478 nunc
953 1417 1077 1490 metam
1107 1415 1220 1476 nostro
1236 1409 1350 1496 operi,
1379 1433 1431 1484 ,ne

377 1513 508 1598 prolixa
529 1515 676 1580 narratio
698 1513 870 1580 fastidium
893 1517 1025 1602 ingerat
1055 1515 1177 1580 lectori.
1232 1513 1314 1594 quis
1335 1513 1422 1578 enim

376 1639 526 1682 enarrare
551 1619 708 1684 sufficiat
730 1619 881 1704 quotiens
912 1619 1080 1706 piissimus
1112 1619 1254 1686 Odulfus
1285 1617 1422 1682 diversis
1489 1707 1491 1718 Ι

254 1761 257 1766 -
375 1721 617 1786 infirmantium
632 1721 763 1800 morbis
781 1721 903 1786 mentis
917 1721 1041 1788 scilicet
1057 1727 1092 1788 et
1110 1721 1258 1808 corporis,
1274 1721 1422 1784 divinam

374 1823 523 1908 precibus
545 1819 723 1892 contulerit
743 1823 948 1902 medicinam,
971 1847 1070 1910 quam
1093 1847 1178 1910 saepe
1200 1823 1308 1890 arenti
1323 1827 1421 1888 terrae

351 1949 352 1952 ¹
373 1925 431 1990 diu
454 1927 654 1992 desideratos
676 1925 797 1991 imbres
818 1925 907 2012 apud
923 1925 1037 2008 Deum
1053 1925 1245 2004 obtinuerit,
1268 1925 1419 2012 quotiens

373 2033 492 2096 caetera
506 2033 657 2118 expetita
670 2029 744 2116 pius
767 2031 963 2118 suffragator
974 2031 1199 2116 quaerentibus
1209 2029 1421 2118 praestiteritl

313 2213 314 2216 Ἴ
374 2133 511 2198 Oremus
533 2133 637 2220 igitur
660 2133 930 2220 benignissimum
953 2137 1130 2220 patronum
1152 2139 1305 2200 nostrum
1328 2155 1419 2198 sanc-

372 2241 445 2298 tum
469 2235 636 2314 Odulfum,
661 2241 825 2322 quatenus
844 2235 966 2302 divinae
988 2235 1122 2322 pietatis
1142 2235 1297 2320 solatium
1320 2229 1419 2300 eccle-

255 2423 256 2426 *
371 2337 429 2402 siae
451 2339 515 2404 Dei
538 2339 679 2404 devotus
701 2331 858 2404 acceleret
871 2339 1073 2424 cunctisque
1095 2339 1158 2404 sibi
1182 2339 1418 2404 famulantibus
1448 2357 1455 2366 ·

251 2505 254 2514 Χ
371 2437 500 2506 coeleste
521 2441 672 2506 levamen
701 2441 931 2520 accommodet,
964 2441 1048 2506 vitia
1069 2435 1219 2528 precibus
1250 2447 1418 2528 expurget,

370 2543 511 2612 virtutes
527 2543 659 2626 inserat,
678 2543 895 2610 adversitates
911 2547 945 2608 et
959 2543 1103 2628 pericula
1116 2545 1261 2630 repellat,
1284 2549 1324 2608 ut
1338 2543 1419 2608 libe-

300 2687 301 2690 =
369 2645 437 2710 rati
456 2645 498 2710 ab
521 2633 736 2712 incommodis
759 2641 996 2732 temporalibus
1022 2669 1205 2712 mereamur
1220 2645 1428 2732 quandoque

368 2747 498 2834 gaudiis
514 2747 671 2814 interesse
686 2747 882 2824 coelestibus,
892 2765 950 2832 per
965 2747 1053 2812 Eum
1070 2747 1137 2828 qui
1146 2747 1233 2814 vivit
1246 2753 1281 2814 et
1295 2753 1415 2834 regnat

341 2871 342 2874 ¹
369 2873 429 2936 per
449 2855 567 2916 cuncta
589 2849 781 2916 saeculorum
803 2847 943 2914 saecula:
975 2849 1091 2914 Amen.
1118 2877 1119 2880 ¹
1182 2867 1183 2870 ’
1387 2861 1388 2864 ’

427 3097 428 3100 ¹
546 3005 754 3092 captatam
775 3003 954 3072 miracuta
979 3005 1240 3092 scactt‘Odadfi.
1311 3025 1312 3028 ’
1344 3047 1345 3050 =

552 3297 743 3386 Ineptum
764 3303 840 3364 coto
857 3295 1047 3386 proborum
1069 3297 1234 3392 utrorum.

258 3541 259 3546 γ
411 3467 574 3548 Quoniam
597 3485 675 3546 vero
696 3467 801 3532 firmis
822 3467 1059 3542 testibusfulti
1085 3467 1242 3532 miracula
1262 3467 1423 3552 quasdam¹
1454 3531 1455 3534 ,

279 3593 280 3596 ¹
338 3579 339 3582 ’
366 3575 551 3646 sanctorum
574 3567 791 3636 consessorum
807 3569 971 3656 Eoguuini
990 3573 1090 3656 atque
1106 3569 1221 3656 Odulli
1233 3569 1309 3634 aliis
1331 3591 1410 3654 qua-

365 3673 525 3758 licunqua¹
539 3661 615 3738 stilo
637 3671 857 3758 patefecimus,
874 3695 875 3698 ¹
890 3671 980 3758 inter
1012 3693 1085 3758 quae
1105 3671 1216 3736 etiam
1247 3671 1410 3764 quendam

363 3773 512 3840 libellum
545 3775 587 3840 de
620 3773 786 3842 miraculis
808 3773 1052 3860 gloriosissimae
1086 3773 1149 3838 Dei
1178 3773 1346 3860 genitricis
1376 3777 1410 3838 et

363 3899 489 3964 semper
510 3877 650 3964 virginis
673 3875 818 3956 Mariae,·'
830 3875 922 3962 eujus
942 3875 1141 3962 principium
1164 3879 1223 3952 est,
1247 3875 1410 3960 f‘AEterna

364 3987 382 4016 “
404 3981 467 4046 Dei
489 3977 681 4068 sapientia,''
712 3999 821 4046 amore
843 3977 948 4064 ipsius
970 3977 1126 4064 piissimae
1149 3977 1292 4062 dominae
1314 3977 1410 4044 edere
1483 4037 1484 4040 ,

362 4083 521 4170 compulsi
552 4103 673 4162 sumus,
696 4103 783 4148 -non
820 4071 866 4146 ab
898 4103 934 4146 re
972 4081 1124 4158 fortasse
1144 4079 1347 4166 intelligitur
1380 4081 1408 4146 si

362 4189 435 4250 acta
467 4185 642 4270 proborum
681 4183 852 4248 bominum
886 4205 945 4268 per
983 4181 1047 4248 Dei
1082 4181 1440 4246 misericordiarum

362 4287 616 4352 Eovesbamensi
632 4275 831 4352 monasterio
851 4283 1033 4372 propalata,
1049 4283 1107 4349 ubi
1123 4285 1237 4370 eadem
1250 4283 1408 4350 coelorum

355 4391 475 4478 ⁸regina
507 4411 591 4484 oum⁸
614 4389 759 4474 praefatis
792 4387 1029 4476 confessoribus
1062 4379 1251 4472 caeterisque
1285 4385 1408 4452 sanctis

361 4491 445 4556 inibi
467 4489 710 4576 quiescentibus
735 4493 811 4576 post
841 4489 950 4554 Deum
982 4487 1180 4566 dominatur,
1213 4487 1257 4552 ad
1287 4509 1408 4552 correc-

361 4593 486 4658 tionem
521 4593 605 4660 uitae
642 4613 756 4670 eorum
791 4591 957 4658 memoriae
1002 4595 1206 4678 posterorum
1251 4589 1407 4678 prasenti
