3300 5666
455 793 657 842 onsoruoou
680 793 837 842 1111111
861 795 907 842 11
929 791 1098 852 consulu.
1259 783 1300 846 53

252 983 462 1068 omniumque
493 981 757 1046 Christianorum
782 983 945 1070 refugium
975 987 1010 1048 ct
1040 983 1202 1060 solatium,
1235 985 1298 1048 Dei
1352 983 1421 1034 Al).

251 1083 374 1150 scilicet
407 1083 609 1150 Genitricem
632 1089 666 1150 et
693 1107 821 1172 semper
843 1085 1014 1172 Virginem
1041 1085 1190 1160 Marium,
1221 1085 1297 1148 sub·
1322 1055 1458 1102 11111066·

249 1185 426 1268 limissime,
465 1191 505 1250 ut
540 1187 641 1274 digne
678 1191 738 1262 est,
769 1187 1010 1254 deducentem
1067 1187 1298 1254 Pervenientes

250 1289 354 1374 igitur
378 1293 455 1356 ante
486 1289 587 1356 altere
618 1293 741 1354 sanctes
765 1289 879 1356 Meriae
909 1289 1115 1354 venerandus
1148 1289 1298 1376 pontifex

250 1397 380 1456 sanctus
408 1391 591 1478 Ecgwinus
622 1397 697 1478 post
727 1393 924 1458 metutinnle
944 1391 1092 1456 officium
1122 1391 1297 1458 honorifice

250 1493 470 1572 decantatum,
507 1493 679 1558 missorum
725 1493 885 1558 solemnis
936 1493 1085 1558 maximo
1122 1497 1295 1558 venustate

249 1595 428 1660 exorditur.
462 1595 637 1662 'Cerneres
667 1597 864 1662 monschmn
901 1583 966 1662 iste
1003 1599 1152 1660 tuentem
1185 1597 1294 1660 mente

246 1697 423 1778 deductum
456 1697 630 1784 trepidare,
662 1697 772 1784 animo
802 1699 970 1774 fluctuare,
995 1719 1032 1760 ac
1074 1721 1182 1764 secum
1212 1697 1293 1760 talis

246 1799 435 1864 alternatim
456 1795 636 1874 revolvere,
668 1805 686 1832 “
702 1799 790 1878 Quid
821 1803 870 1862 est
896 1799 987 1864 istud
1017 1795 1154 1862 videre?
1203 1799 1294 1862 Num

248 1907 264 1930 “
287 1891 417 1964 sensum
440 1919 549 1962 meum
571 1901 723 1984 perdidit
768 1901 911 1964 Putasne
938 1897 1035 1964 istius
1057 1899 1203 1964 ecclesiae
1225 1921 1293 1964 mo-

248 2007 265 2034 “
285 2001 382 2066 1111111
420 2001 474 2066 hic
511 2023 614 2066 suum
646 2001 787 2068 officium
826 2005 1013 2088 peregrmtt
1058 1999 1125 2066 Sed
1154 1999 1207 2066 hic
1238 2021 1293 2066 ne'-

248 2105 407 2168 “minem
445 2125 636 2190 recognosco
671 2129 717 2170 ex
753 2105 828 2170 illis.
874 2105 930 2170 An
965 2105 1100 2190 spiritus
1135 2105 1202 2168 sint
1239 2107 1293 2170 vel

248 2213 265 2240 “
287 2227 422 2292 corpora
441 2227 515 2292 quse
532 2207 651 2272 video?
695 2209 815 2272 Nonne
839 2207 892 2272 hic
915 2207 1051 2292 quidam
1074 2213 1190 2272 essunt
1212 2231 1293 2294 quos

248 2315 265 2342 “
287 2309 347 2374 diu
380 2331 423 2372 ex
459 2309 520 2372 hac
563 2309 634 2374 luce
673 2309 857 2376 subtractos
894 2307 1095 2396 intelligol”
1154 2309 1292 2374 Viderct

245 2431 385 2496 nemque
407 2411 443 2474 in
466 2411 522 2476 illo
544 2411 641 2496 globo
677 2407 836 2496 quosdam
859 2433 940 2498 quos
963 2415 998 2476 et
1022 2411 1292 2478 Eoveshemensis

245 2511 436 2576 monasterii
470 2511 645 2576 monachos
668 2513 794 2598 etjam
816 2513 987 2578 defunctos
1013 2515 1158 2578 noverat.
1219 2511 1292 2578 Hac

244 2615 349 2702 igitur
371 2615 587 2704 ambiguitate
611 2617 804 2702 compulsus,
829 2617 956 2682 ¹succedit
980 2619 1102 2684 secreto
1125 2615 1170 2678 ed
1191 2639 1292 2702 quen·
1336 2693 1338 2698 ,
1437 2611 1438 2616 ’

245 2721 328 2800 dum,
346 2725 378 2786 et
398 2741 472 2804 quse
495 2723 579 2782 esset
601 2719 654 2782 cui
671 2719 776 2782 misso
796 2717 1029 2808 decantaretur
1044 2717 1192 2804 inquirit.
1236 2719 1291 2784 Ad
1422 2805 1423 2808 Ἴ

244 2843 340 2906 quem
363 2821 482 2906 paucis,
507 2827 526 2856 “
541 2821 643 2884 Tace:
677 2843 759 2884 num
786 2819 920 2906 ignoras
946 2819 1116 2884 dominum
1138 2825 1290 2884 nostrum
1340 2827 1341 2830 ’

245 2929 264 2956 “
286 2929 435 2988 sanctum
465 2923 659 3008 Ecgwinum
690 2921 797 2986 beatos
821 2921 884 3002 Dei
915 2921 1077 2986 Genitrici
1108 2925 1141 2988 et
1164 2943 1290 3008 semper

243 3023 416 3110 “Virgini
456 3023 576 3088 Mariae
623 3047 748 3088 socrum
787 3023 984 3110 mysterium
1023 3023 1290 3090 celebrantemt''

242 3125 389 3190 Territus
419 3127 474 3190 ille
510 3123 696 3212 hujusmodi
731 3125 952 3212 responsione,
992 3127 1102 3190 locum
1139 3131 1290 3212 repetens

169 3269 174 3278 ·
242 3223 290 3292 rei
322 3227 449 3292 exitum
483 3227 743 3312 praestolubetur.
799 3227 918 3314 Itaque
951 3233 1083 3314 peracte
1116 3227 1289 3292 missarum

242 3329 466 3406 celebratione,
488 3329 643 3414 ¹horisque
671 3331 792 3408 sonctae
817 3329 1005 3410 1111111111
1034 3329 1149 3396 ordine
1172 3329 1287 3394 decan-

241 3429 329 3506 tatis,
351 3431 472 3494 iterum
502 3431 567 3494 duo
599 3431 739 3516 episcopi
762 3431 837 3494 coeli
858 3423 1006 3516 reginem
1036 3435 1071 3494 et
1092 3431 1209 3494 mundi
1232 3433 1288 3496 do-

242 3533 365 3596 minam
395 3531 581 3598 ¹humillime
616 3533 734 3596 dextre
768 3531 918 3618 lceveque
941 3537 1152 3612 assumentes,
1175 3533 1288 3596 eodem

241 3635 336 3698 modo
368 3657 432 3720 quo
470 3633 561 3722 prius
583 3635 752 3716 induxere,
775 3655 849 3698 cum
881 3633 1080 3718 processione
1103 3639 1138 3698 et
1161 3655 1288 3700 summo

242 3735 344 3820 glorie
365 3739 531 3804 reduxere.

365 3997 415 4060 Dc
437 3995 586 4082 quodum
609 3995 771 4062 correctos
785 3983 999 4064 ‘Turonensis
1021 3995 1168 4064 ecclesius.

284 4171 477 4238 Istiusmodi
498 4193 576 4238 vero
598 4171 647 4238 rei
668 4173 818 4258 exemplu
843 4175 913 4238 ,1111
944 4175 1131 4258 suppetunt.
1192 4169 1286 4234 Gom·
1301 4185 1403 4238 similar

240 4279 370 4358 pentum
390 4275 513 4360 quippe
536 4273 696 4340 habemus
719 4277 883 4360 quendem
906 4275 1097 4340 canonicum
1121 4271 1200 4338 olim
1223 4253 1443 4372 Twppm

239 4375 328 4442 ronis
352 4375 422 4442 Deo
446 4381 621 4460 sanctoque
638 4373 782 4440 Martino
806 4375 1003 4442 servientem
1026 4375 1167 4460 quodam
1190 4377 1286 4440 modo
1299 4401 1359 4436 seen
1369 4393 1395 4436 at

239 4477 434 4542 uniformem
455 4475 576 4542 vidisse
599 4475 768 4540 visionem.
815 4475 882 4556 Qui
914 4499 1023 4560 quum,
1054 4475 1203 4540 stultitia
1232 4475 1285 4540 in-
1299 4451 1389 4502 Tm

233 4577 365 4656 ductus,
386 4577 539 4664 ¹glisceret
559 4579 678 4644 rescire
700 4599 831 4642 causam
854 4601 911 4642 cur
933 4577 970 4640 in
993 4575 1206 4642 Ordinatione
1229 4599 1285 4642 seu

239 4677 463 4744 Transletione
494 4679 598 4744 sancti
631 4679 768 4744 Martini
798 4699 873 4762 quae
899 4679 936 4742 'm
957 4681 1071 4780 aestute
1103 4679 1285 4746 celebretur

1059 4783 1194 4844 134-

931 4925 949 4958 Χ
