3308 5666
699 671 885 750 serenum.
929 671 931 676 ’
1186 641 1187 644 “
1253 661 1318 726 333
1364 619 1369 630 Ι

241 911 243 916 s
271 857 387 950 saltem
433 861 522 946 apud
557 859 811 926 Wistanestowe
848 861 885 926 in
923 859 976 926 die
1022 857 1149 952 natalis
1174 855 1317 942 ejusdem
1338 877 1405 930 Al).
1418 883 1473 930 seo.

270 963 425 1046 martyris
470 965 539 1028 non
568 963 823 1030 occurrentibus.
847 985 907 1028 neo
948 965 1081 1030 tantum
1124 959 1317 1026 miraculum

269 1061 459 1148 videntibus
482 1089 542 1136 neo
568 1067 787 1154 palpantibus,
803 1065 846 1130 ad
869 1063 1054 1132 devotionis
1077 1077 1153 1150 erga
1178 1061 1339 1134 eundem,
1440 1151 1442 1154 Ι

269 1173 448 1252 martyrem
486 1169 790 1256 augmentationem
820 1169 870 1246 et
908 1167 986 1232 fidei
1024 1165 1317 1234 corroborationem

268 1269 373 1334 scribo
398 1269 615 1358 profuturum,
639 1275 679 1336 ut
708 1289 784 1334 vere
815 1269 855 1334 de
886 1271 932 1334 eis
962 1271 1026 1336 dici
1056 1269 1167 1358 possit,
1194 1275 1212 1302 “
1226 1267 1317 1332 beati
1331 1283 1366 1334 Sc.
1379 1283 1449 1334 John

269 1371 370 1456 “qui
400 1393 469 1436 non
505 1371 661 1436 viderunt
698 1373 732 1436 et
763 1371 995 1464 crediderunt.''
1057 1373 1167 1454 Quum
1203 1371 1317 1454 itaque
1329 1367 1374 1400 xx.
1388 1357 1426 1404 ²⁹·

267 1469 385 1536 beatus
401 1473 584 1542 Wistanus
609 1473 647 1536 in
673 1493 796 1558 camp0,
821 1465 906 1538 siout
931 1475 1029 1540 moris
1053 1480 1102 1540 est
1132 1473 1318 1560 principum

268 1575 311 1640 ad
335 1577 531 1662 colloquium
558 1571 740 1658 convenire,
767 1577 878 1664 gladio
902 1579 1086 1664 impiissimi
1103 1577 1246 1642 Brisardi
1267 1577 1319 1660 (ut

268 1675 305 1740 in
317 1677 390 1744 vita
413 1679 517 1764 ipsius
527 1715 528 1718 κ
539 1679 668 1764 plenius
683 1679 810 1766 scripsi)
831 1681 1044 1760 occubuisset,
1061 1679 1131 1764 ejus
1145 1679 1316 1764 martyrio,

267 1783 306 1846 ut
337 1781 418 1846 dicit
454 1781 651 1846 venerabilis
673 1779 781 1848 'Beda
816 1777 994 1868 presbyter,
1036 1787 1055 1818 “
1070 1781 1215 1848 coelestia
1250 1769 1318 1870 riou

266 1889 285 1916 “
308 1881 438 1948 defuere
461 1883 669 1950 miraculos*
714 1883 803 1948 Nam
827 1883 867 1948 de
890 1885 959 1950 loco
987 1883 1101 1970 inquo
1127 1883 1318 1950 innocenter

266 1991 454 2074 peremptus
477 1991 528 2050 est
552 1987 704 2052 columna
729 1985 813 2052 lucis
836 2001 938 2072 usque
960 1985 1003 2050 ad
1018 1985 1137 2052 coelum
1160 1991 1317 2072 porrecta,

266 2087 418 2152 omnibus
433 2087 579 2174 ejusdem
600 2089 663 2154 looi
683 2087 798 2154 incolis
821 2111 879 2174 per
898 2089 1039 2176 triginta
1058 2089 1127 2154 dies
1147 2089 1317 2174 perspicua

266 2191 383 2256 stabat.
422 2189 489 2256 Sed
515 2189 666 2256 miranda
690 2191 849 2256 mirandis
874 2193 1061 2258 succedunt.
1108 2191 1205 2270 Nam,
1229 2213 1316 2256 rece-

265 2291 364 2356 dente
394 2291 528 2372 lumine‚
556 2293 661 2360 eidem
688 2295 758 2362 loco
789 2295 935 2360 coelestia
965 2295 1071 2360 adhuc
1099 2317 1167 2358 non
1197 2293 1316 2360 desunt

265 2393 428 2460 miracula.
490 2395 590 2460 Omni
623 2397 711 2462 enim
743 2417 830 2462 auno
861 2419 918 2484 per
948 2419 1049 2462 unam
1081 2397 1198 2462 horam
1226 2387 1315 2460 illius

263 2497 329 2568 diei
368 2519 432 2582 qua
462 2497 582 2584 gladiis
611 2499 789 2586 impiorum
827 2499 988 2576 occubuit,
1027 2499 1064 2562 in
1094 2499 1207 2564 eodem
1244 2499 1315 2562 loco

263 2599 321 2664 ubi
359 2599 510 2666 columna
546 2601 629 2666 lucis
660 2601 815 2688 apparuit
853 2601 972 2686 capilli,
989 2659 990 2664 ,
1010 2601 1122 2686 quales
1156 2595 1316 2664 ¹videntur

262 2703 299 2766 in
322 2703 429 2786 capite
451 2703 632 2780 hominum,
657 2705 838 2782 oriuntur;„
857 2708 903 2782 ut,
928 2723 987 2790 per
1004 2703 1143 2788 'capillos
1167 2725 1186 2766 a
1208 2703 1314 2788 capite

263 2803 409 2888 ejusdem
440 2803 677 2870 adolescentis2
707 2805 846 2884 avulsos,
878 2805 915 2868 in
946 2805 1059 2870 eodem
1095 2805 1165 2870 loco
1195 2805 1315 2870 effusos

263 2913 298 2972 et
328 2907 498 2994 dispersos,
536 2907 594 2994 qui
643 2931 663 2972 a
703 2907 855 2972 fidelibus
892 2909 973 2972 tunc
1010 2907 1059 2970 ibi
1096 2907 1314 2992 praesentibus

263 3007 375 3094 colligi
397 3031 465 3074 non
487 3013 650 3094 poterant,
674 3011 781 3076 adhuc
802 3015 916 3074 tamen
938 3009 1063 3074 ibidem
1085 3015 1313 3096 permanentes

263 3119 297 3176 et
319 3111 494 3186 annuatim
517 3119 704 3192 crescentes,
735 3113 881 3178 veridica
908 3111 1092 3176 Salvatoris
1116 3113 1314 3198 approbetur

263 3215 429 3300 sententia
452 3237 517 3300 qua
546 3215 675 3294 dicitur,
699 3209 727 3250 '“
742 3215 820 3300 quia
843 3213 980 3300 capillus
1007 3213 1049 3278 de
1073 3215 1179 3300 eapite
1201 3221 1312 3278 vestro
1325 3235 1363 3286 St.
1374 3235 1446 3288 Lake

263 3323 280 3350 “
303 3339 370 3394 non
395 3315 555 3404 perebius*
594 3317 640 3380 Et
670 3339 772 3404 quum
800 3317 900 3392 multi
930 3323 1099 3402 martyres,
1115 3317 1232 3402 capitis
1258 3301 1378 3380 ubam·
1394 3309 1430 3354 ¹⁸·

263 3419 438 3484 scissione³
471 3419 669 3504 martyrium
700 3417 943 3504 compleverint,
974 3409 1037 3482 iste
1061 3439 1128 3482 non
1150 3419 1313 3482 abscisso³

263 3521 370 3608 capite
392 3521 482 3608 quod
512 3521 604 3606 regia
626 3543 746 3586 corona
776 3521 922 3586 redimiri
944 3521 1063 3600 renuit,
1094 3521 1152 3586 sed
1181 3527 1313 3606 tantum

263 3647 343 3690 oeno
367 3623 483 3710 capitis
507 3625 660 3708 quassato
691 3623 728 3686 in
762 3623 896 3686 modum
927 3623 1026 3708 regiae
1060 3623 1186 3690 coronae
1208 3623 1314 3690 victor

263 3725 424 3806 occubuit,
448 3727 488 3790 ut
510 3727 590 3790 tunc
623 3729 783 3812 perpetua
805 3745 924 3792 corona
947 3725 1141 3790 ostendatur
1162 3727 1313 3792 honorari

263 3829 320 3914 qui
351 3827 525 3914 temporali
556 3849 675 3892 corona
707 3825 816 3920 noluit
848 3827 1029 3908 sublimari,
1061 3851 1161 3914 quum
1198 3851 1313 3894 revera

262 3953 321 4020 per
344 3953 469 3996 coronae
491 3929 607 4016 capitis
631 3929 872 4016 quassationem
902 3929 947 3996 sit
968 3929 1005 3994 in
1027 3931 1109 3996 coelo
1132 3935 1313 4010 coronatus,

296 4271 304 4302 ¹
316 4271 400 4320 These
411 4273 492 4322 words
503 4287 545 4322 are
552 4277 597 4322 not
608 4271 699 4338 quoted
705 4271 771 4320 from
842 4271 852 4300 ²
863 4267 1030 4338 adolescentis]
1053 4271 1242 4328 adholescentis,
1253 4271 1310 4322 MS.
1372 4313 1379 4324 .

244 4347 331 4412 ,Bede
344 4349 414 4412 (who
422 4349 555 4400 diedmore
565 4349 770 4412 thauaeentusy
842 4349 1009 4400 ⁸ubscissioae
1063 4387 1071 4402 .
1106 4387 1113 4400 .
1145 4387 1152 4400 .
1187 4349 1308 4418 abscisso]

262 4427 348 4478 before
369 4427 488 4478 Wistan’s
506 4433 626 4494 murder),
642 4431 688 4478 but
704 4427 771 4478 from
809 4429 970 4480 abscisione.
1005 4465 1012 4478 .
1047 4429 1243 4490 .absoiso,MS.'

263 4507 769 4598 FlorenoeofWorpester,ecbooc0850.
