3300 5666
326 847 387 914 106
523 855 723 922 9999999999
746 853 903 902 renarra
927 833 974 902 99
996 851 1164 902 99999999.

216 1137 222 1148 ¹
324 1157 448 1224 Primo
479 1155 612 1240 99999999
641 1153 885 1220 999999999999
917 1177 978 1220 9999
980 1161 1034 1222 9999
1064 1153 1161 1220 99999
1148 1161 1213 1220 9999
1242 1177 1284 1220 99
1286 1153 1368 1222 9999

409 1259 583 1370 pdeoopot
584 1279 651 1322 99999
668 1257 906 1342 ttoccpoct[dc]
923 1259 1062 1366 9999999999
1064 1259 1155 1334 999999
1169 1257 1369 1324 reddituum

413 1359 533 1426 99999
425 1359 519 1446 999
521 1357 737 1426 9999999999.

197 1545 270 1598 99),
371 1519 525 1602 Tandem,
557 1487 669 1588 inedia
698 1523 842 1608 urgente,
872 1523 913 1586 ad
947 1543 1006 1588 999
1040 1519 1170 1600 reversi,
1203 1519 1371 1640 conquesti

160 1619 240 1664 ¹¹⁹⁵
242 1613 312 1662 ¹¹⁹¹*
326 1645 438 1694 sumus
461 1647 558 1712 super
587 1625 639 1688 his
663 1625 795 1690 domino
827 1625 981 1692 Huberto
1005 1623 1091 1692 Oant
1076 1625 1237 1690 tuariensi
1261 1619 1371 1688 999199-

158 1707 312 1834 ffiffissgm
326 1729 474 1814 episcopo
512 1733 591 1794 tunc
629 1729 783 1814 temporis
822 1729 926 1794 totius
960 1727 1092 1814 Angliae
1126 1729 1244 1812 legato,
1307 1727 1379 1796 Sed,

158 1837 305 1896 archoishop
325 1831 426 1896 abbas
453 1832 494 1895 ad
519 1830 636 1896 callida
660 1829 1395 1920 argumentaconversus‚1nuneribuspro-'

158 1903 255 1954 Hubert

159 1943 284 2036 as1,egaie
325 1933 432 2000 missis
455 1939 489 2002 99
512 1935 598 2002 datis
630 1937 663 2000 99
686 1933 980 2022 quibusdamt
914 1933 980 1998 frat
981 1933 1072 1998 ribus
1100 1931 1232 2018 conupt
1233 1935 1268 2014 is,
1298 1933 1373 1998 obe-

159 2045 260 2086 matters
272 2049 312 2086 are
326 2039 459 2104 dientiis
491 2039 584 2104 nobis
617 2039 658 2102 ad
689 2043 819 2122 tempus
853 2037 1026 2116 restitutis
1053 2059 1164 2122 pacem
1195 2037 1259 2102 sibi
1289 2059 1374 2102 oom-

159 2105 313 2228 pppnpppfor
326 2143 465 2230 paravit,
496 2147 529 2208 99
560 2141 604 2206 999
642 2147 722 2206 9999
761 2165 780 2204 9
818 2163 918 2206 manu
956 2141 1082 2205 domini
1120 2141 1222 2236 legati
1259 2141 1372 2218 evasit,

160 2237 501 2330 ΛΒ·11959999999999
531 2249 644 2310 tamen
667 2265 725 2328 pro
756 2245 842 2308 bono
869 2243 955 2330 pacis
983 2263 1044 2306 ex
1055 2245 1218 2328 praecepto
1250 2243 1374 2307 domini

327 2345 428 2432 legati
467 2345 561 2410 999999
599 2345 782 2410 redditibus
822 2346 863 2409 ad
901 2345 1136 2432 pitanciariam,
1175 2345 1252 2430 quia
1285 2345 1376 2432 prius

328 2451 406 2514 vina
429 2455 463 2514 99
489 2450 642 2514 medones
665 2447 718 2514 de
736 2449 853 2514 oelario
884 2455 918 2514 99
941 2471 1052 2514 carnes
1079 2449 1119 2512 de
1148 2447 1290 2512 lardario
1321 2447 1376 2512 ab·

328 2551 415 2616 batis
439 2551 574 2616 statutis
597 2551 801 2636 temporibus
824 2551 949 2616 adhoc
972 2543 1115 2638 accipere
1139 2551 1374 2630 consuevimus
1441 2593 1443 2598 ·

280 2683 281 2686 ¹
329 2655 415 2720 unde
446 2675 602 2742 maguum
632 2675 781 2744 murmur
812 2659 845 2720 99
872 2653 984 2742 magni
1015 2653 1163 2720 defectus
1194 2677 1278 2740 saepe
1305 2675 1377 2720 con·
1449 2707 1450 2712 ,

329 2759 510 2846 tingebant.
571 2757 739 2822 Restituta
778 2757 878 2822 etiam
916 2757 1011 2822 nobis
1041 2763 1122 2824 tunc
1160 2763 1210 2822 999
1247 2757 1378 2822 ecclesia

329 2861 434 2926 sancti
465 2855 636 2940 Laurentii
665 2883 722 2946 per
754 2861 924 2924 dominum
957 2859 1112 2946 legatum,
1152 2883 1250 2946 quam
1288 2861 1377 2946 prius

330 2963 431 3026 abbas
455 2963 598 3040 dederat,
622 2961 715 3056 nobis
738 2961 998 3040 reclamantibus,
1023 2955 1153 3028 cuidam
1181 2963 1295 3028 dorico
1318 2985 1377 3028 suo

332 3055 487 3142 dilectae,
512 3069 545 3130 99
567 3065 612 3130 999
635 3085 692 3152 999
707 3065 787 3130 99999
803 3065 951 3130 tribulat
927 3069 1034 3130 trenes
1049 3065 1085 3128 99
1101 3065 1217 3130 melius
1236 3065 1378 3152 reparati

164 3187 214 3236 But
227 3187 300 3236 about
332 3189 451 3232 sumus.
498 3167 675 3266 Legatione
699 3173 810 3232 autem
833 3167 930 3232 finita
953 3173 1027 3254 9999
1043 3191 1177 3246 annum,
1193 3167 1294 3234 abbas
1316 3169 1378 3232 ite-
1408 3167 1410 3174 ‘

165 3251 320 3368 phyecppspr
332 3293 405 3334 rum
440 3271 612 3336 monachos
651 3261 886 3358 subpeditavrt,
921 3275 954 3336 99
985 3275 1055 3334 tam
1085 3271 1235 3336 redditus
1272 3269 1380 3358 99999

165 3383 310 3434 renewshis
333 3371 441 3438 oiariae
466 3393 564 3456 quam
587 3373 736 3438 redditus
759 3373 865 3460 operis
888 3377 921 3438 99
945 3393 1057 3438 omnes
1087 3373 1237 3438 redditus
1268 3391 1383 3438 9999999

167 3451 303 3516 ⁰pp²¹⁵¹⁰¹¹
333 3473 399 3540 sere
429 3475 491 3538 sibi
521 3475 642 3540 iterum
680 3475 963 3592 appropriavite
947 3479 980 3540 99
1010 3471 1177 3540 infinitam
1209 3477 1385 3560 pecuniam

334 3575 395 3642 sibi
429 3579 650 3666 congregavit,
685 3579 827 3644 maxime
862 3577 948 3642 de
939 3579 981 3644 999
1019 3601 1093 3666 quae
1129 3579 1171 3642 ad
1206 3579 1381 3644 monachos

333 3681 552 3766 pertinebant,
602 3705 660 3770 999
710 3703 810 3768 quam
862 3681 1034 3768 pecuniam
1083 3681 1258 3746 monachos
1307 3703 1382 3746 eum

335 3805 419 3868 99999
443 3789 641 3850 9999999999
652 3785 694 3848 ab
717 3783 923 3848 accusatione
945 3783 1088 3848 uiriliter
1111 3783 1234 3870 repulit
1265 3789 1299 3848 99
1329 3805 1383 3848 999

171 3901 290 3968 Gcoffiey
334 3891 432 4002 prout
454 3887 560 3952 voluit
590 3887 653 3952 sibi
683 3885 755 3950 sub'
741 3885 884 3976 Jugavit.
940 3887 1028 3952 Mult
1013 3891 1064 3952 tos
1094 3885 1183 3950 enim
1214 3891 1388 3974 magnates

170 3971 320 4032 ¹¹¹¹WP¹¹¹¹
314 3989 426 4076 regui
449 3993 482 4054 99
506 3989 647 4052 maxime
665 3989 886 4074 justiciarium
908 4011 965 4076 per
980 3989 1135 4056 ciborum
1162 3989 1385 4076 dapsiiitatem

170 4037 390 4166 99999995199999953
397 4113 570 4156 munerum
602 4091 817 4178 largitionem,
849 4113 923 4178 quae
953 4091 1155 4178 temporibus
1182 4091 1384 4158 necessitatis

171 4171 272 4296 95),ξὲᾎεὶ
336 4191 619 4258 abundantissime
654 4193 851 4272 effundebat,
885 4193 948 4268 sibi
980 4195 1101 4260 amicos
1132 4181 1383 4280 comparaverat.

172 4303 239 4352 A..D
254 4307 324 4354 1198
338 4295 489 4360 Monachi
520 4317 595 4360 vere
626 4295 840 4360 nihilominus
871 4317 996 4382 semper
1018 4295 1262 4364 insidiabantur
1293 4295 1323 4360 ei
1351 4301 1385 4362 99

337 4397 422 4464 vitia
444 4397 513 4482 ejus
545 4419 717 4484 proposse
744 4419 802 4462 suo
834 4399 1081 4486 impugnabatn
1133 4399 1208 4484 ipse
1231 4421 1308 4464 vero
1332 4421 1386 4464 eos

338 4499 578 4586 parvipendens
612 4505 646 4564 99
680 4505 816 4564 conatus
848 4493 967 4578 eorum,
1010 4499 1096 4586 ipsos
1130 4499 1386 4586 persequebatur

339 4607 372 4668 ot
396 4601 469 4668 odio
492 4603 644 4682 babebat,
667 4609 701 4668 99
723 4605 880 4690 quosdam
902 4627 923 4668 a
945 4606 1041 4669 domo
1065 4607 1179 4690 postea
1199 4601 1301 4692 ejecit.
1344 4603 1387 4668 In

339 4705 495 4792 quosdam
523 4727 600 4772 vero
627 4707 663 4768 in
685 4706 831 4772 thalamo
859 4727 916 4772 suo
944 4707 1059 4770 missos
1082 4729 1102 4768 a
1124 4711 1290 4772 conventu
1319 4729 1387 4770 ma-

339 4831 401 4874 9999
424 4807 586 4876 violentas
609 4809 700 4896 injici
722 4811 807 4892 fecit,
831 4809 867 4874 in
890 4809 972 4874 alios
995 4809 1150 4894 praecepit
1175 4807 1275 4894 injici.
1321 4809 1386 4874 Sed
1436 4843 1438 4846 ·
