3300 5666
401 721 404 724 ·
453 705 652 756 canonican
676 671 836 754 urrann:
859 707 906 754 nn
929 703 1099 752 nvnsnnn.
1237 695 1299 754 185

254 911 273 938 “
292 903 522 990 jurisdictione
545 903 717 990 episcopali
743 907 851 980 essent
874 907 1046 990 exempta,
1062 907 1096 968 et
1122 903 1186 968 nisi
1199 903 1300 968 ‘etiam
1313 917 1382 970 Μ).
1397 925 1467 970 laco.

255 1013 273 1040 “
295 1007 331 1070 iu
347 1005 468 1072 eisdem
484 1029 580 1072 omne
598 1007 653 1092 jus
677 1007 857 1094 episcopale
880 1005 1169 1092 praescripsissent„
1206 1005 1301 1086 Quod

180 1191 182 1194 Ι
254 1115 273 1142 “
288 1111 409 1182 autern¹
422 1107 489 1172 sint
505 1109 666 1194 exemptae
682 1109 732 1172 ita
745 1109 855 1194 probo.
882 1179 883 1182 Ἴ
902 1109 1029 1186 Matrix
1054 1107 1195 1184 ecclesia,
1211 1107 1302 1194 vide-

254 1215 273 1244 ‘⁴
295 1209 372 1274 licet
387 1209 641 1276 Eveshamensis
662 1231 737 1294 quae
760 1213 812 1276 est
833 1217 941 1296 caput,
965 1213 1015 1276 est
1038 1209 1202 1292 exempta,
1224 1229 1300 1294 ergo

254 1319 275 1346 “
298 1315 331 1376 et
347 1313 480 1396 capellae
492 1313 589 1376 vallis
600 1331 675 1398 quae
689 1315 768 1376 sunt
783 1311 947 1376 membra¹
959 1311 992 1394 ;''
1007 1317 1041 1378 et
1056 1311 1169 1376 adhoc
1182 1309 1301 1374 induxi
1377 1373 1379 1376 ,
1416 1309 1422 1316 ’

252 1413 338 1498 leges
362 1417 396 1478 et
419 1435 565 1480 canones.
610 1413 828 1478 Adversarius
851 1435 928 1480 vero
952 1413 1049 1492 dixit,
1082 1421 1098 1448 “
1113 1411 1147 1478 N
1148 1421 1189 1476 on
1221 1415 1300 1478 sunt

253 1523 269 1550 “
293 1515 423 1600 capellae
446 1515 501 1580 sed
519 1513 669 1580 matrices
692 1505 841 1594 eeclesia,
858 1537 933 1602 ergo
955 1537 1023 1580 non
1040 1515 1138 1602 quasi
1155 1513 1302 1580 membra

252 1617 418 1682 “ratione
440 1617 561 1704 capitis
581 1613 822 1696 eximuntur.;”
851 1607 885 1682 et
907 1617 950 1682 ad
972 1617 1034 1682 hoc
1056 1617 1190 1682 induxit
1212 1617 1300 1704 leges

253 1723 287 1784 et
324 1705 482 1784 canones
526 1717 620 1784 Tunc
650 1741 717 1806 ege,
749 1725 767 1752 “
790 1717 896 1784 immo
920 1719 1061 1804 ‘capellae
1096 1721 1183 1798 sunt3
1223 1719 1305 1812 qnia

253 1829 270 1854 ‘¹
293 1821 433 1886 chrisma
447 1825 481 1886 et
495 1821 648 1896 oleum-a
671 1825 783 1886 nostra
797 1819 928 1886 matrici
951 1821 1085 1886 ecclesia
1107 1821 1299 1908 percipiunt,

253 1931 270 1956 ‘¹
293 1927 326 1986 et
357 1919 548 2008 parochiani
572 1943 692 2002 earum,
717 1923 817 1986 immo
850 1921 956 2008 magis
992 1923 1134 2010 ecclesiae
1157 1923 1299 1988 Evesha-

253 2031 270 2060 “
293 2023 422 2102 mensis,
438 2025 526 2108 apud
543 2045 615 2088 eam
631 2023 879 2090 ecclesiasticam
896 2023 1063 2110 accipiunt
1074 2021 1299 2112 sepulturam}

248 2133 274 2200 ,“'
293 2147 368 2212 ergo
390 2125 539 2212 ..capellae
576 2131 654 2190 sunt
668 2125 708 2206 ;”
746 2129 780 2190 et
818 2125 938 2190 induxi
976 2127 1019 2190 ad
1048 2127 1118 2206 ¹‘hoc
1156 2115 1301 2192 canones.

253 2227 345 2292 Tunc
367 2227 580 2306 adversarius,
616 2227 633 2272 -‘'‘
648 2227 747 2292 Pater
770 2231 891 2306 sancte,
913 2227 948 2292 in
973 2227 1114 2294 ecelesiis
1136 2227 1202 2294 illis
1224 2233 1303 2292 sunt

252 2329 399 2394 “fontes
430 2329 639 2414 baptismatis
669 2335 703 2396 et
735 2351 802 2394 non
834 2331 871 2394 in
893 2329 1029 2396 ecclesia
1059 2331 1302 2420 Evesharnensi,

247 2439 269 2504 ,“
292 2453 366 2516 ergo
389 2435 469 2496 sunt
491 2431 704 2516 baptismales
727 2435 852 2496 etnon
875 2431 1008 2516 capellas
1022 2431 1059 2510 ;”
1097 2437 1131 2498 et
1166 2433 1208 2498 ad
1243 2433 1302 2498 hoc
1357 2453 1358 2456 ’
1388 2489 1392 2498 .,

251 2525 385 2596 induxit
409 2555 546 2598 canones
570 2533 627 2618 qui
659 2533 743 2598 bene
766 2533 931 2598 faciebant
954 2533 1086 2598 adhoc
1133 2531 1230 2598 Tunc.
1247 2533 1303 2598 do-

184 2627 185 2632 *
251 2635 360 2716 minus
382 2657 467 2720 papa
488 2633 622 2704 intuens
645 2655 697 2698 me
722 2633 816 2710 dixit,
840 2641 858 2668 “
874 2633 1074 2714 Procurator,
1092 2633 1144 2698 dic
1163 2655 1303 2712 ¹verum3
1368 2683 1394 2692 „

254 2745 270 2770 “
293 2741 371 2802 sunt
394 2735 483 2824 apud
506 2757 564 2800 vos
587 2735 696 2800 fontes
725 2735 779 2800 vel
802 2735 891 2820 apud
914 2735 1063 2798 ecclesias
1085 2735 1212 2798 illasl’'
1258 2737 1303 2800 Et

198 2831 199 2834 ¹
253 2859 320 2922 ego,
344 2845 361 2872 “
376 2837 455 2900 Non
478 2837 567 2920 apud
590 2857 657 2912 nos,
673 2837 729 2900 sed
753 2835 843 2922 apud
866 2837 1016 2902 ecclesias·
1038 2835 1156 2900 illas*
1186 2837 1232 2900 Et
1247 2837 1304 2900 do-

252 2939 362 3010 minus
384 2959 477 3026 papa,
501 2945 519 2972 ‘¹
535 2937 597 3002 Dic
620 2937 741 3002 alincl’'
776 2937 832 3002 Et
845 2937 892 3002 sic
913 2939 984 3002 haee
1007 2939 1162 3024 allegatio
1186 2959 1302 3026 parurn

249 3041 376 3132 'profuit
407 3041 497 3116 mihi,
531 3041 588 3104 sed
622 3041 650 3104 si
687 3061 748 3104 nos
778 3061 798 3104 a
833 3039 1053 3124 quadraginta
1089 3039 1185 3104 aunis
1215 3045 1303 3104 retro

211 3141 213 3146 ’
251 3143 358 3206 fontes
380 3141 609 3206 habuissemus
632 3145 666 3206 et
689 3161 757 3218 non
781 3141 923 3228 capellae,
934 3141 1009 3206 'sine
1033 3141 1133 3206 dubio
1154 3143 1192 3206 in
1206 3163 1304 3206 causa

253 3243 516 3310 obtinuissemus.
563 3243 648 3308 Tum
680 3265 748 3328 ege,
772 3241 904 3308 “Pater
930 3247 1050 3320 sancte,
1072 3243 1108 3308 in
1130 3241 1302 3330 privilegio

255 3353 272 3380 “
296 3345 509 3412 Constantini
532 3365 626 3430 papae
665 3343 864 3422 concinetur,
905 3343 1044 3430 ‘Ipsum
1082 3365 1157 3428 ergo
1194 3345 1302 3410 locum

254 3455 272 3482 “
295 3455 303 3482 ‘
324 3467 422 3532 quem
444 3445 535 3532 regia
557 3449 702 3530 potestas
725 3443 825 3530 regiae
855 3443 1003 3510 libertati
1028 3443 1165 3510 donavit
1187 3449 1221 3510 et
1243 3469 1302 3510 nos

256 3557 273 3584 “
296 3559 303 3584 ‘
326 3545 524 3614 auctoritate
541 3547 605 3612 Dei
629 3551 663 3618 et
678 3551 866 3612 sanctorum
891 3547 1112 3632 apostolorum
1136 3551 1170 3612 et
1191 3555 1303 3614 nostra

254 3657 270 3686 “
296 3639 304 3686 ²
327 3651 502 3714 donamus?
548 3647 657 3714 Locus
690 3647 753 3712 iste
790 3671 858 3712 non
896 3653 1029 3714 tantum
1048 3649 1302 3716 :monasterium

254 3761 272 3786 “
295 3753 351 3818 sed
383 3751 483 3818 etiam
515 3773 626 3816 omnes
655 3749 871 3836 possessiones
904 3751 1055 3816 ecclesiae
1070 3747 1194 3836 nostrae
1216 3775 1303 3818 com-

254 3861 272 3890 “
293 3855 456 3940 plectitur,
473 3857 511 3918 ut
526 3853 722 3918 beneficium
744 3853 950 3938 imperatoris
972 3853 1171 3938 amplissime
1193 3859 1227 3920 et
1249 3855 1304 3920 be-

254 3965 271 3992 “
293 3955 483 4042 uiguissime
506 3953 751 4044 interpretetur,
775 3977 834 4020 nec
856 3955 1033 4022 verisimile
1046 3961 1107 4022 est
1131 3957 1226 4042 quod¹
1241 3959 1304 4022 duo

256 4065 272 4092 “
295 4079 384 4144 reges
407 4055 546 4128 Romam
576 4047 710 4120 iverunt
745 4061 784 4122 ut
818 4057 989 4132 tantillum
1020 4057 1128 4134 locum
1160 4065 1303 4144 quantus

252 4151 272 4194 '“
296 4163 345 4226 est
368 4157 452 4224 situs
474 4157 618 4222 abbatim
640 4163 762 4222 nostrae
785 4181 912 4224 summo
935 4157 1084 4244 pontifici
1107 4165 1142 4224 et
1164 4159 1302 4226 eeclesia

251 4251 273 4296 '“
296 4263 451 4326 Romanae
483 4259 678 4324 conferrent¹
698 4265 732 4324 et
766 4259 914 4324 libertati
945 4261 1113 4338 donarent,
1133 4283 1238 4346 quum
1267 4253 1303 4326 in

255 4481 1104 4500 Qffl-
1108 4487 1301 4500 --—·-·-.—...,.„„.-,=-

221 4627 230 4654 0
407 4659 408 4662 ,
545 4661 548 4666 .
589 4655 590 4658 =
618 4601 630 4654 ¹¹
642 4621 759 4690 mantra]
774 4625 885 4688 menbra,
897 4623 954 4674 MS.
