3308 5666
290 679 292 682 Ι
398 719 464 782 332
549 743 551 746 ·
829 731 1016 780 censumar.

240 931 310 984 Ar).
323 937 379 986 sto.
398 917 549 1000 ecclesiae,
573 923 739 986 ecclesiam
757 917 910 982 videlicet
936 915 1220 992 Eveshamensem,
1245 915 1361 980 diviua
1383 917 1449 980 dis-
1506 971 1510 974 .

346 1067 347 1070 =
399 1025 550 1108 ponente¹
564 1023 720 1110 potentia,
746 1025 795 1098 est
818 1019 1006 1094 translatus,
1038 1021 1077 1082 ut
1107 1019 1215 1082 locum
1238 1039 1336 1102 quem
1360 1017 1449 1082 Ken-

398 1125 495 1190 redus
516 1147 576 1190 rex
597 1125 689 1210 regia
711 1127 882 1210 potestate,
907 1125 946 1186 ut
962 1143 1107 1184 summus
1127 1121 1278 1206 pontifex
1293 1125 1445 1196 testatur,

398 1227 498 1314 regiae
528 1227 676 1292 libertati
710 1225 847 1300 donavit
881 1227 1026 1312 ejusdem
1067 1225 1153 1310 regis
1186 1225 1446 1312 consanguineus

398 1331 515 1396 beatus
552 1331 731 1410 Wistanus,
752 1337 754 1340 ’
774 1331 813 1392 ut
854 1328 939 1398 alter
970 1329 1211 1416 quodammodo
1245 1325 1446 1394 substitutus

397 1439 561 1518 patronus,
592 1431 682 1518 regia
703 1421 875 1516 'potestate
906 1435 1092 1518 protegeret
1115 1435 1148 1496 et
1174 1429 1332 1516 martyris
1362 1453 1446 1516 prce·

394 1535 504 1602 sentia
536 1533 763 1600 sanctificaret.
826 1533 868 1596 In
901 1535 1052 1598 omnibus
1085 1533 1137 1598 his
1166 1535 1247 1598 locis
1280 1553 1339 1618 pro
1376 1531 1463 1618 ejus

395 1659 504 1702 amore
526 1637 700 1702 innumera
722 1637 810 1700 fiunt
831 1635 990 1700 miracula
1013 1661 1034 1700 a
1056 1635 1200 1700 Domino
1226 1635 1292 1716 Qui
1316 1635 1359 1700 in'
1379 1657 1444 1700 cer·
1478 1651 1481 1658 ·

251 1799 254 1808 .
300 1771 303 1776 ·
394 1739 518 1804 tamine
548 1739 643 1804 illum
674 1739 752 1804 fecit
783 1737 963 1802 victorem:
998 1739 1041 1802 ad
1072 1737 1132 1802 Sui
1160 1739 1269 1824 Ipsius
1289 1739 1446 1802 honorem

287 1913 288 1916 Ἴ
395 1841 459 1920 Qui
483 1863 557 1904 cum
580 1841 678 1912 Patre
701 1845 736 1906 et
759 1839 887 1926 Spiritu
911 1839 1033 1906 Sancto
1057 1841 1145 1906 vivit
1167 1847 1202 1906 et
1223 1847 1341 1928 regnat
1356 1839 1446 1904 Deus

393 1963 451 2028 per
474 1943 583 2008 omnia
607 1943 724 2018 saecula
746 1942 945 2010 saeculorum.
992 1943 1109 2008 Amen.

614 2249 615 2252 ¹
638 2155 792 2246 Ecplicc't
814 2157 887 2260 cito
908 2159 1020 2224 sancolt
1049 2157 1206 2224 Wistcsuc'.
1234 2215 1235 2218 ,

466 2363 467 2366 ’
574 2369 575 2374 1
636 2331 826 2420 Incipiunt
848 2333 1026 2400 miraculo
1049 2331 1203 2420 ejusdcm.
1294 2381 1295 2384 ,

391 2517 441 2582 Dc
458 2517 596 2604 cupillis
608 2519 647 2584 dc
660 2519 769 2606 cupita
778 2519 891 2586 sancti
902 2517 1054 2588 Wistcni
1065 2519 1239 2586 adscissts¹
1251 2519 1444 2604 concretius

416 2615 634 2688 arescentibus
657 2621 755 2710 opud
776 2621 1058 2714 Wistcucstowuc,
1080 2621 1124 2688 in
1146 2621 1203 2688 dic
1225 2621 1356 2688 notulis
1378 2621 1444 2688 sut.

438 2767 548 2846 QUUM
578 2769 620 2834 ad
651 2769 843 2854 petitionem
883 2769 1023 2852 fratnun
1053 2771 1157 2834 vitam
1197 2769 1330 2854 gloriosi
1358 2791 1443 2834 mar-

392 2869 478 2954 tyris
489 2869 634 2956 Wistani
649 2871 687 2934 in
702 2869 774 2954 ejus
789 2869 993 2954 depositione
1007 2871 1181 2956 legendam
1197 2873 1444 2956 descripsissem,

392 2977 426 3038 et
464 2993 536 3036 eam
565 2973 744 3038 reverendo
783 2971 871 3058 patri
911 2977 1022 3038 nostro
1064 2973 1299 3038 Cantuariensi
1337 2975 1443 3064 archi-

392 3073 541 3158 episcopo
566 3075 791 3160 corrigendam
814 3073 973 3158 legissem,
998 3059 1149 3162 Quamvis
1180 3097 1251 3140 eam
1272 3097 1446 3146 ,commen-

260 3215 270 3246 μ
393 3177 501 3242 dando
526 3177 746 3264 approbasset,
762 3175 921 3260 corripuit
945 3199 997 3240 me
1012 3183 1127 3242 tamen
1148 3199 1245 3260 super
1270 3177 1338 3260 hoc,
1357 3179 1443 3266 quod
1460 3193 1485 3262 f

392 3279 499 3344 eidem
521 3279 680 3344 tractatui
704 3279 896 3344 miraculum
923 3279 963 3344 de
989 3279 1125 3366 capillis
1138 3277 1311 3346 annuatim
1331 3281 1368 3344 in
1390 3281 1443 3346 die

393 3383 551 3470 passionis
590 3405 657 3448 suae
694 3383 730 3448 in
767 3383 837 3446 loco
869 3383 926 3446 ubi
965 3383 1125 3460 occubuit,
1164 3383 1318 3449 videlicet
1355 3387 1444 3472 apud
1510 3393 1511 3398 ’

394 3485 657 3566 Wistanestowe‚
689 3485 924 3550 'crescentibus
962 3509 1028 3550 non
1060 3473 1322 3552 interseruerim„
1372 3487 1442 3574 Ego

393 3611 470 3652 vero
486 3587 574 3654 tanti
597 3589 702 3672 patris
733 3593 767 3652 et
796 3587 903 3652 clerici
931 3591 1000 3652 ta'm
1025 3589 1180 3674 profundi
1210 3589 1350 3676 pectoris
1372 3613 1442 3656 cor-

392 3691 574 3776 reptionem
597 3713 656 3776 pro
678 3689 883 3756 ¹correctione
908 3695 942 3754 et
967 3681 1218 3756 commonitione
1235 3693 1443 3778 amplectens,

393 3793 504 3860 verbis
537 3793 646 3860 minus
684 3793 879 3884 compositis,
919 3793 994 3858 stilo
1012 3793 1111 3858 -licet
1145 3793 1228 3872 rudi,
1266 3795 1441 3880 praefatum

392 3897 586 3962 miraculum
599 3897 636 3960 in
653 3897 738 3962 hunc
753 3895 887 3960 modum
896 3895 1136 3960 commendavi.
1166 3895 1442 3982 Igiturquamvis

393 3999 507 4064 divina
537 3999 687 4086 potentia
713 3997 807 4084 quasi
829 3997 992 4074 visibilem
1022 4001 1057 4064 et
1088 3999 1284 4084 palpabilem
1303 3995 1442 4064 'annua-

391 4101 455 4166 tim
491 4101 529 4166 in
558 4101 611 4166 dic
641 4101 761 4166 natalis
783 4099 874 4166 beati
899 4101 1043 4166 Wistani
1073 4100 1161 4186 apud
1178 4089 1441 4168 Wistonestowe

390 4205 426 4268 in
448 4205 576 4290 capillis
597 4203 721 4268 ibidem
744 4203 962 4268 crescentibus
988 4223 1022 4268 so
1037 4203 1202 4280 exhibeat,
1228 4209 1338 4270 tamen
1364 4207 1441 4292 quia

266 4377 268 4380 ,
391 4313 410 4340 “
431 4329 499 4372 non
532 4307 638 4372 cuivis
676 4303 846 4372 hominum
888 4307 1029 4392 contigit
1066 4307 1157 4370 adire
1196 4305 1441 4388 Corinthum,”·2

489 4585 497 4614 1
509 4583 638 4648 abscissis]
651 4581 762 4644 abscisis,
773 4583 830 4632 MS·

374 4733 378 4742 ι
488 4661 734 4730 marcomirum]
748 4661 986 4724 adhire'Coriutum,
994 4661 1051 4712 MS.
1085 4663 1173 4714 Horat.
1185 4665 1303 4730 Epistol.
1318 4667 1356 4742 lis
