3308 5666
694 675 881 726 nrrrvorx,
1024 623 1025 626 Ἴ
1245 663 1308 726 321

263 857 384 944 scripto
407 861 594 928 traduntur.
641 847 723 940 Quae
749 863 829 950 quis
842 859 962 950 vmulta
983 861 1071 938 sunt,
1095 857 1190 944 plura
1209 857 1308 922 omit-

263 963 379 1040 tentes,
402 985 506 1048 pauca
527 963 728 1030 brevissime*
740 965 960 1064 perstringere
983 959 1177 1028 curabimus.
1234 995 1235 998 ¹
1261 977 1262 980 ’

307 1061 390 1130 Erat
420 1067 456 1130 in
488 1065 700 1152 praeuxacol
724 1067 925 1132 monasterio
948 1061 1140 1154 secretarius
1164 1061 1307 1146 quidam,

262 1165 417 1234 maximae
439 1157 647 1234 strenuitatis
663 1169 726 1244 vir,
740 1169 874 1242 nomine
890 1167 1021 1244 AElsius,
1044 1165 1101 1250 qui
1123 1165 1160 1230 in
1173 1169 1307 1228 tantum

262 1287 371 1334 amore
394 1271 509 1334 divino
531 1271 694 1358 flagrabat
715 1271 754 1332 ut
773 1291 888 1356 corpus
907 1291 1005 1334 suum
1024 1265 1160 1354 jejuniis
1182 1271 1215 1330 et
1239 1287 1309 1332 ora

262 1369 408 1436 tionibus
428 1393 605 1448 macerans,
629 1369 730 1436 etiam
753 1371 898 1436 hibernis
921 1371 1074 1436 noctibus
1096 1367 1195 1434 nudis
1217 1367 1310 1454 pedi-

264 1471 324 1536 bus
345 1475 435 1538 inter
455 1473 873 1556 matutinorumsolemnia
889 1493 989 1558 supra
1010 1473 1170 1560 frigidam
1179 1477 1307 1558 petram

256 1573 383 1660 jugiter
405 1581 516 1642 staret
562 1575 651 1640 Huic
674 1565 816 1660 quadam
839 1575 909 1640 vice
931 1575 1023 1656 inter
1044 1575 1208 1640 orationes
1235 1575 1309 1638 dor-

261 1675 376 1742 mienti
414 1679 548 1744 demon
565 1677 707 1742 illudens
724 1677 834 1762 dorso
869 1677 938 1764 ejus
972 1675 1110 1758 insiluit,
1149 1681 1183 1742 et
1215 1679 1308 1764 quasi

262 1779 403 1844 calcibus
419 1781 653 1846 eumtundens
672 1779 827 1864 evigilare
850 1781 1015 1866 praecepit,
1040 1801 1137 1864 quern
1160 1779 1213 1844 vir
1235 1801 1308 1866 pro-

263 1881 415 1948 bissimus
449 1883 563 1948 statim
604 1881 825 1968 apprehendit
856 1887 890 1946 et
921 1883 974 1946 de,
994 1883 1144 1968 cingulis¹
1167 1883 1308 1948 ecclesiae

212 2059 214 2066 Α
260 1983 354 2048 illum
385 1973 590 2050 strictissime
620 1985 747 2070 ligavit,
780 1985 838 2048 sed
868 2007 972 2070 quum
1005 1985 1164 2070 quosdam
1190 1985 1308 2050 fratres

262 2093 417 2168 vocasset,
430 2109 578 2152 reversus
594 2087 725 2172 cingula
739 2087 1008 2174 nodatareperit,
1025 2109 1099 2152 eum
1115 2109 1195 2152 vero¹
1211 2111 1308 2174 quem

260 2189 421 2276 ligaverat
442 2213 510 2256 non
533 2177 670 2254 invenit,
717 2189 843 2270 Rursus
865 2183 1100 2276 aliotempcre
1127 2213 1228 2276 quum
1258 2191 1310 2254 di-

261 2313 369 2358 versas
392 2299 579 2358 sanctorum
596 2291 774 2378 memorias
792 2315 879 2356 ¹cum
909 2291 1033 2358 lumine
1056 2293 1152 2358 solito
1175 2291 1310 2358 circum-¹

248 2393 426 2474 :lustraret
449 2417 508 2482 pro
531 2393 617 2460 vivis
641 2399 675 2458 et
697 2385 862 2460 defunctis
890 2395 1018 2480 jugiter
1049 2417 1153 2472 orans,
1180 2389 1331 2460 rediens

261 2509 318 2582 per
340 2491 563 2576 coemeterium
578 2489 727 2572 ecclesia,
747 2519 848 2584 quum
869 2497 905 2560 in
928 2497 993 2564 fine
1009 2511 1140 2584 precum
1155 2507 1214 2582 pro
1229 2499 1308 2566 fide-
1374 2577 1375 2582 ἵ

258 2599 345 2678 libus
368 2599 531 2666 defunctis
562 2597 773 2668 devotissime
806 2599 937 2678 diceret,
974 2605 992 2634 “
1007 2599 1139 2666 Animae
1162 2597 1308 2672 omniurn
1373 2587 1374 2590 ¹

260 2703 446 2784 “fidelium
470 2701 700 2768 defunctorum
723 2691 933 2786 requiescant
961 2701 998 2766 in
1024 2699 1133 2788 paoe‚''
1156 2703 1308 2768 auditum

258 2809 312 2870 est
332 2827 391 2890 per
412 2807 521 2870 totum
545 2801 771 2868 coemeterium
804 2805 846 2892 ab
878 2803 1051 2868 animabus
1082 2803 1309 2894 defunctorum
1388 2861 1389 2864 ,

206 2893 208 2898 ’
260 2929 451 2994 responsum
467 2905 530 2972 sibi
548 2927 625 2984 esse,
643 2911 661 2940 “
676 2905 809 2972 Amen.'’
834 2897 835 2902 ¹
855 2899 921 2970 Hic
944 2907 1163 2992 pulcherrime
1186 2929 1308 2994 exuens

214 3007 216 3012 ’
259 3009 425 3074 hominem
446 3007 587 3094 posteris
610 3007 797 3094 exemplum
819 2999 909 3076 bene
924 3009 1063 3074 vivendi
1086 3009 1270 3096 dereliquit.
1300 3063 1301 3068 ,

306 3105 461 3176 Mannius
476 3107 596 3188 autem,
620 3109 751 3196 praefati
775 3111 1094 3192 monasteriiabbas,
1111 3113 1203 3176 mirae
1219 3133 1308 3176 sanc·
1364 3121 1431 3174 AJ).

258 3213 369 3278 titatis
384 3217 419 3278 et
434 3211 610 3300 probitatis
622 3209 687 3290 vir,
704 3207 811 3276 multa
827 3211 912 3276 mira
928 3209 1013 3296 (Deo
1037 3213 1101 3278 sibi
1123 3211 1308 3302 revelante)
1324 3193 1473 3240 ¹⁰⁴4'¹⁰⁶⁶'

260 3315 381 3392 meruit
392 3313 513 3382 videre.
548 3315 644 3378 Inter
655 3335 730 3398 quae
745 3315 909 3400 angelicos
924 3319 1041 3380 cantus
1057 3315 1198 3400 quadam
1214 3323 1308 3382 nocte
1374 3305 1375 3310 ἵ

260 3419 405 3498 audiens,
422 3441 524 3504 quum
539 3417 618 3504 quid
641 3421 729 3480 esset
743 3407 851 3488 exiret
865 3439 1004 3494 cernere,
1019 3417 1107 3482 vidit
1130 3419 1308 3484 maximam

259 3509 374 3586 luceru
387 3519 428 3586 de
449 3519 536 3584 turri
569 3517 711 3584 ecclesiae
744 3521 974 3584 ascendentem
1002 3519 1122 3584 coelum
1145 3545 1217 3586 cum
1240 3545 1307 3588 men

260 3623 348 3696 todia
371 3623 518 3710 angelica
539 3627 659 3708 petere.
688 3619 805 3686 ,Mane
820 3645 898 3688 vero
914 3623 955 3686 de
969 3623 1159 3708 hujusmodi
1182 3623 1308 3708 visione
1342 3647 1346 3660 *¹

260 3725 441 3812 quastione
462 3725 558 3804 facta,
580 3721 749 3790 intellexit
772 3725 917 3788 animam
949 3725 1119 3810 cujusdam
1151 3725 1308 3792 advenoe²

260 3827 460 3914 pauperrimi
494 3827 609 3892 eadem
640 3829 735 3890 nocte
773 3827 810 3890 in
848 3827 935 3892 turri
955 3827 1128 3908 defuncti,
1154 3827 1308 3914 angelicis

260 3923 430 4016 spiritibus
445 3951 518 3992 eam
533 3951 608 3994 cum
621 3931 722 3992 cautu
744 3933 778 3994 et
800 3927 925 3996 lumine
941 3927 1145 4008 ducentibus,
1163 3929 1309 3996 coelestia

259 4031 400 4118 petiisse.
473 4031 562 4098 Huic
596 4031 711 4096 abbati
745 4053 848 4116 quum
881 4033 1022 4118 quadam
1058 4033 1111 4098 die
1140 4055 1235 4098 unus
1267 4033 1308 4098 de

260 4133 444 4222 praepositis
482 4135 550 4220 suis
576 4155 577 4158 ¹
599 4131 786 4220 quindecim
822 4133 924 4200 libras
958 4135 1140 4214 obtulisset,
1176 4139 1307 4200 centum

257 4237 379 4302 solidos
401 4235 615 4316 solummodo,
641 4235 784 4320 quiade
810 4241 901 4302 recto
925 4235 1016 4302 lucro
1037 4241 1140 4316 erant,
1173 4235 1307 4322 recepit,

297 4579 304 4614 ¹
309 4581 463 4648 pretaxato]
481 4587 630 4646 pretaxato,
641 4581 698 4634 MS.
790 4579 797 4650 Ι
843 4583 977 4650 ²advcnoe]
997 4583 1095 4646 adveni,
1106 4585 1164 4638 MS.

364 4703 366 4706 ·
1109 4683 1134 4730 X
