3308 5666
354 795 394 856 tt
553 809 754 856 eunonreou
776 805 934 856 susurru
958 809 1005 854 nn
1028 805 1197 856 nvnsnnn.

354 989 742 1068 venerando‚1netuendo
773 991 806 1052 et
835 989 973 1052 emendo
995 989 1044 1052 nil
1074 989 1207 1054 omnino
1238 989 1392 1052 adversus
1490 1047 1491 1050 ,

353 1091 446 1176 illum
477 1091 659 1156 forisfecere
688 1097 768 1156 tune
798 1095 892 1154 erent
929 1081 1007 1154 ausi.
1036 1091 1172 1178 ¹Itaque
1202 1089 1392 1154 benedictus

307 1219 312 1230 ·
355 1195 453 1258 Deus
467 1195 624 1258 mirabilis
647 1193 792 1258 existens
806 1191 843 1256 in
866 1193 986 1256 sanctis
1002 1191 1077 1256 suis.
1125 1193 1289 1258 Gloriosus
1305 1189 1392 1256 enini

355 1297 390 1360 in
425 1295 476 1374 Se,
509 1295 647 1382 gloriose
677 1295 713 1358 in
744 1295 864 1358 sanctis
895 1293 961 1360 suis
999 1297 1033 1358 et
1070 1287 1126 1382 per
1159 1303 1285 1358 sanctos
1316 1315 1394 1358 suos
1439 1311 1440 1314 ’

355 1403 507 1486 operetur
529 1397 672 1484 ubique3
696 1397 761 1478 Qui
776 1397 861 1462 vivit
883 1403 917 1462 et
939 1403 1054 1484 regnet
1070 1419 1128 1486 per
1149 1397 1257 1464 omniu
1280 1397 1395 1464 saecule

358 1503 554 1568 saeculorum.
599 1501 714 1568 Arnen.
952 1515 954 1518 ’

651 1899 653 1904 ⁸
683 1943 733 2008 De
761 1937 909 2028 quodum
938 1937 1074 2024 urtifioe.

198 2169 345 2232 Asculptor
407 2171 563 2254 Tempore
600 2169 725 2256 pacifici
761 2167 846 2254 regis
888 2165 1074 2246 Eudwerdi,
1106 2165 1223 2230 summi
1255 2171 1288 2232 et
1314 2171 1402 2234 ultre

198 2237 329 2366 {ffifed
363 2293 564 2366 eorumunem
580 2271 759 2336 valentium
774 2269 948 2336 laudabilis
956 2269 1120 2356 principis
1137 2261 1286 2336 dominus
1302 2271 1402 2336 abbas

199 2369 282 2484 flffiss
289 2369 339 2482 gn
365 2375 519 2438 Mannius
543 2375 727 2438 coenobium
743 2373 846 2438 suncti
863 2373 1011 2458 Ecgwini
1031 2373 1239 2446 devotissime
1263 2375 1404 2460 regebat,

199 2451 305 2552 miraei·
364 2477 416 2540 vir
438 2477 508 2540 Deo
532 2497 624 2540 carus
640 2479 673 2540 et
695 2475 844 2540 omnibus
860 2473 1013 2560 subjectis
1029 2475 1185 2542 amabilis.
1230 2475 1295 2540 Hie
1318 2477 1404 2540 inter

199 2569 289 2684 ffleyd
302 2633 330 2682 of
365 2585 482 2644 eaetere
505 2601 578 2666 quae
603 2579 743 2644 multum
770 2577 954 2642 extollenda
978 2589 1130 2664 operatus
1154 2585 1211 2660 est,
1252 2579 1404 2644 scrinium

202 2703 324 2750 awound.
365 2687 475 2746 saneto
504 2681 623 2746 Odulfo
661 2681 733 2746 fieri
763 2681 914 2760 decrevit,
941 2681 1029 2766 quod
1067 2703 1147 2768 opus
1178 2685 1217 2746 ut
1250 2681 1337 2746 vidit
1370 2681 1406 2746 in

204 2767 354 2884 niilitu.
367 2783 483 2848 melius
513 2783 560 2846 ire
587 2783 714 2848 studuit
741 2789 851 2848 sancto
875 2783 1031 2866 Eegwino
1057 2785 1211 2850 dedicere.
1259 2781 1407 2848 Aderant
1482 2865 1483 2868 Ἴ

369 2889 441 2948 tum
469 2885 674 2972 quamplures
700 2885 875 2962 artificiosi,
905 2905 1043 2970 quorum
1070 2885 1215 2950 omnium
1253 2885 1407 2972 magister

367 2991 437 3054 eret
475 2985 616 3072 quidem,
653 2987 748 3072 puter
778 2987 928 3052 videlieet
959 2987 1083 3052 domini
1115 2987 1291 3052 Clementis
1321 2993 1408 3072 post-

367 3089 499 3154 modum
524 3089 793 3156 Eoveshamensis
816 3089 942 3176 prioris.
999 3089 1033 3152 Is
1061 3105 1169 3176 quum,
1192 3091 1277 3156 sicut
1299 3089 1410 3176 hujus·
1463 3077 1464 3080 ¹

367 3191 455 3256 modi
472 3215 551 3280 opus
573 3193 685 3280 exigit,
708 3191 826 3278 saepius
848 3191 1018 3256 fundende
1038 3197 1072 3256 et
1094 3191 1261 3256 tundendo
1285 3215 1322 3258 ec
1337 3215 1410 3256 eum

368 3297 490 3380 scalpro
524 3293 696 3362 incidendo
733 3293 837 3360 labori
866 3293 1040 3372 insisteret,
1068 3295 1207 3378 quadem
1241 3295 1293 3360 die
1323 3315 1411 3360 more

369 3397 463 3462 solito
480 3397 593 3464 sedens
616 3403 650 3464 et
672 3419 746 3464 eum
769 3397 892 3484 scalpro
914 3419 1034 3482 pervus
1056 3395 1251 3482 imaginulas
1275 3397 1411 3482 diligen·

369 3499 493 3566 tissime
510 3505 672 3588 coeptans,
699 3499 807 3566 subito
830 3521 905 3564 casu
927 3503 998 3564 tum
1021 3499 1164 3584 graviter
1187 3521 1319 3564 manum
1336 3499 1413 3562 sini-

370 3605 472 3666 stram
487 3625 560 3670 cum
575 3603 659 3668 ferro
674 3595 762 3688 quod
785 3603 919 3668 tenebat
933 3601 1122 3666 vulneravit
1138 3607 1176 3666 ut
1191 3623 1249 3686 per
1271 3601 1413 3668 mediam

371 3725 504 3770 manuni
539 3711 635 3794 gutte
661 3703 829 3794 sanguinis
856 3705 921 3768 eliu
944 3725 986 3768 ex
1008 3707 1101 3788 prute
1125 3703 1278 3768 stillaret„
1320 3701 1413 3768 Com-

371 3813 479 3874 motus
504 3809 618 3894 itaque
648 3815 716 3874 tum
738 3807 910 3894 repentino
935 3827 1018 3884 cusu,
1044 3805 1100 3870 “O
1127 3805 1264 3886 sancte,”
1295 3805 1414 3892 inquit,

373 3917 388 3944 “
405 3911 566 3996 Ecgwine,
589 3931 697 3976 nonne
719 3911 772 3976 hie
794 3931 902 3974 assum
917 3909 953 3972 in
975 3915 1034 3974 tuo
1066 3907 1221 3974 servitio?
1268 3909 1305 3976 Si
1327 3909 1416 3994 quie-

373 4021 390 4046 “
412 4035 509 4100 quum
554 4013 595 4078 de
648 4011 782 4076 servitio
819 4011 929 4076 miseri
967 4013 1143 4098 peccatoris
1192 4031 1290 4090 cirrus,
1346 4011 1416 4099 jam

374 4123 390 4150 “
413 4115 575 4184 ostende.”
635 4113 760 4196 Dixit3
799 4119 833 4178 et
863 4113 985 4194 stetim,
1025 4115 1140 4182 divine
1176 4111 1300 4182 medela
1330 4137 1418 4182 aece-

300 4223 301 4226 ’
375 4219 481 4300 dente,
517 4225 551 4286 et
584 4209 694 4284 dolore
734 4223 768 4284 et
801 4217 935 4284 vulnere
974 4241 1034 4304 per
1071 4219 1178 4286 suncti
1206 4217 1269 4284 viri
1300 4219 1418 4286 merite

378 4325 492 4388 esurit.
538 4323 566 4386 Ο
600 4323 709 4386 virum
740 4319 930 4400 mirabilem,
970 4321 1179 4406 omniumque
1217 4333 1270 4386 ore
1304 4321 1419 4406 praedi-

210 4441 291 4514 [Aeta
385 4425 543 4490 candum!
588 4423 666 4488 Non
703 4423 897 4508 interposuit
933 4427 1063 4508 tempus
1093 4423 1237 4504 medelae,
1275 4423 1340 4504 sed,
1378 4421 1420 4488 ad

215 4517 368 4574 ⁵³fl⁰wffl¹¹¹³
380 4527 563 4614 exemplum
594 4523 695 4590 Marci
728 4523 943 4610 evangelistae,
974 4545 1053 4590 mox
1082 4529 1158 4610 post
1185 4527 1325 4592 dolorem
1348 4527 1422 4592 vul·

214 4581 340 4716 {iiiii
380 4629 466 4694 neris
490 4629 663 4694 sanitetenr
686 4649 744 4716 per
767 4627 882 4694 Deum·
897 4627 1126 4714 superinfudit.
