3300 5666
335 829 398 894 136
533 841 731 890 OHRONIOON
755 835 912 888 ABBATIAE
936 839 982 886 DE
1005 829 1173 888 EVESHAM.

170 1015 580 1084 A.D.1204.temperavimus;
599 1013 737 1070 videlicet
758 1019 791 1068 ut
809 1013 1018 1068 monasterium
1035 1019 1166 1070 vestrum
1187 1019 1217 1068 et
1236 1019 1380 1068 1016606-

339 1099 473 1170 gregatio
492 1103 590 1152 vestra
613 1097 649 1150 ab
669 1097 720 1150 illa
740 1097 812 1152 hora
834 1115 892 1168 qua
915 1097 1049 1152 dominus
1072 1097 1275 1166 wigornensis
1300 1097 1383 1154 satis·

290 1181 297 1196 '
340 1181 493 1236 factionem
515 1181 550 1238 de
563 1181 668 1238 delicto
680 1187 778 1238 vestro
799 1185 969 1250 recepturus
983 1181 1019 1234 ad
1032 1181 1241 1236 monasterium
1252 1187 1384 1236 vestrum

341 1265 495 1320 accesserit
520 1265 555 1318 ab
580 1265 658 1320 omni
683 1271 777 1322 cesset
801 1265 893 1320 officio
917 1265 1016 1320 diuino
1040 1269 1069 1320 et
1093 1283 1299 1334 campanarum
1321 1265 1386 1334 pul-

342 1349 452 1404 satione
467 1367 519 1420 per
539 1349 670 1404 triduum
691 1351 869 1404 continuum.
908 1349 970 1418 Quo
992 1349 1114 1418 expleto,
1141 1355 1326 1404 assumantur
1349 1349 1386 1404 de

344 1433 567 1502 congregatione
587 1439 686 1488 vestra
705 1433 862 1488 tresdecim
883 1433 1016 1488 monachi
1042 1433 1092 1504 qui
1115 1433 1215 1488 diuina
1239 1433 1386 1488 celebrent

344 1517 374 1570 in
398 1517 521 1570 ecclesia
549 1521 646 1572 vestra
674 1533 726 1586 per
758 1521 818 1570 tres
843 1517 1019 1586 septimanas
1045 1517 1196 1572 continuas
1227 1517 1264 1570 ad
1291 1517 1386 1588 majus

344 1601 433 1654 altare
463 1601 609 1664 duntaxat,
644 1601 711 1656 aliis
739 1601 873 1656 omnibus
907 1607 1013 1672 praeter
1045 1601 1200 1670 praedictos
1230 1599 1387 1656 tresdecim

344 1685 479 1740 10101110
505 1691 633 1754 tempore
659 1685 694 1738 ab
719 1685 797 1740 omni
824 1685 923 1740 divino
946 1685 1038 1740 officio
1063 1685 1253 1742 cessantibus.
1303 1685 1387 1740 Gom·

344 1769 430 1838 pletis
449 1787 519 1824 vero
538 1769 598 1826 illis
618 1769 713 1824 tribus
734 1769 912 1840 septimanis,
932 1769 1066 1838 praedicti
1084 1769 1240 1826 tresdecim
1257 1783 1309 1838 per
1328 1775 1389 1826 tres

346 1855 417 1908 alias
439 1855 613 1924 septimanas
624 1853 659 1908 ab
680 1853 758 1908 omni
776 1853 875 1908 divino
896 1853 989 1908 officio
1013 1853 1176 1920 cessabunt,
1198 1853 1311 1910 caeteris
1331 1871 1390 1908 om-

345 1939 430 1994 nibus
459 1939 509 2010 qui
534 1941 617 2008 prius
644 1943 828 1994 cessaverant
857 1937 894 1990 ad
922 1937 1048 1990 officium
1076 1937 1207 1992 divinum
1235 1937 1389 1992 restitutis.

347 2021 537 2078 Decrevimus
571 2021 658 2078 etiam
682 2027 716 2076 ut
743 2021 774 2074 in
798 2021 924 2076 adventu
947 2019 1058 2074 domini
1076 2021 1279 2090 Wigornensis
1304 2021 1332 2074 ei
1355 2021 1392 2074 ad

344 2107 463 2174 januam
484 2107 624 2176 majorem
644 2105 769 2160 abbatiae
792 2111 898 2160 vestrae
922 2105 1008 2160 nudis
1031 2105 1153 2174 pedibus
1175 2123 1273 2160 omnes
1293 2123 1391 2160 occur-

347 2193 428 2258 ratis,
452 2191 551 2260 ibique
575 2207 672 2246 coram
697 2207 731 2244 60
754 2189 894 2260 prostrati
914 2189 949 2242 de
975 2189 1130 2244 commisso
1151 2195 1251 2246 vestro
1277 2189 1393 2244 veniam

346 2275 497 2328 humiliter
522 2273 686 2344 postuletis,
718 2273 911 2344 praesentibus
936 2277 965 2326 et
989 2273 1150 2328 astantibus
1176 2291 1242 2328 cum
1263 2291 1298 2328 60
1323 2279 1394 2344 quot

349 2365 378 2414 et
405 2359 510 2428 quibus
536 2357 663 2414 voluerit
692 2357 765 2412 viris
789 2357 936 2426 religiosis
958 2357 1140 2428 'presbyteris'
1172 2357 1339 2414 etolericis
1364 2363 1394 2412 61

350 2441 552 2498 servientibus.
602 2439 715 2494 Deinde
746 2441 906 2510 capitulum
932 2445 1065 2496 vestrum
1093 2459 1151 2494 una
1178 2459 1245 2494 cum
1274 2441 1392 2494 eodem¹

349 2525 476 2596 ingressi
496 2541 564 2580 cum
581 2525 654 2580 viris
675 2525 824 2594 religiosis
842 2529 983 2594 quotquot
1000 2525 1153 2594 episcopus
1172 2541 1272 2588 secum
1289 2525 1395 2580 ducere

272 2669 273 2672 ,
348 2611 483 2674 voluerit,
519 2609 628 2680 singuli
662 2609 792 2680 singulas
822 2609 857 2664 ab
893 2611 994 2664 eodem
1029 2609 1178 2680 recipiatis
1214 2609 1407 2678 disciplinas..

350 2693 437 2748 Hunc
462 2699 559 2750 autem
583 2693 789 2750 satisfactionis
812 2693 931 2750 modum
955 2693 1137 2762 procuratori
1160 2697 1259 2750 vestro
1283 2699 1395 2756 senten-

350 2777 459 2834 tialiter
475 2777 653 2848 injunximus
674 2783 703 2832 et
718 2777 902 2834 universitati
914 2783 1020 2834 vestrae
1040 2777 1166 2848 benigne
1179 2777 1397 2846 suscipiendum

350 2869 379 2914 et
399 2861 550 2916 humiliter
571 2861 783 2918 observandum
806 2863 986 2918 mandamus.
1023 2861 1137 2916 Valete.

348 3043 526 3134 Ι8601611116
545 3091 609 3154 pro
632 3039 766 3136 66616616
781 3065 1022 3136 1106616116οπ
1046 3069 1116 3136 1616
1138 3061 1181 3134 16
1199 3067 1400 3154 possessorio
1504 3137 1509 3160 ,

568 3171 702 3254 judicio
724 3173 763 3238 616
790 3171 1032 3256 jurisdictione
1059 3171 1178 3238 Vallis.

398 3299 516 3362 Forma
553 3303 663 3364 autem
692 3299 865 3366 sententiae
903 3321 960 3386 pro
991 3301 1085 3364 nobis
1099 3385 1101 3390 Α
1117 3301 1195 3366 latae
1220 3305 1269 3364 661
1283 3299 1397 3386 hujus-

357 3401 447 3464 modi
460 3427 513 3466 :--
1190 3405 1192 3410 ‘

192 3533 313 3584 Sentence
391 3515 531 3570 Omnibus
551 3519 657 3570 sanctae
677 3515 780 3570 matris
801 3515 932 3572 ecclesia
952 3515 1031 3582 filiis,
1061 3515 1110 3570 1111
1140 3515 1191 3586 qui
1208 3515 1300 3586 prius,
1324 3517 1400 3572 salua

191 3599 319 3676 16161661
355 3603 423 3664 tem.
477 3599 591 3654 Literas
611 3599 720 3652 domini
746 3617 828 3670 papae
855 3599 1018 3654 1666666111
1044 3599 1125 3654 tertii
1152 3599 1183 3652 in
1220 3599 1283 3656 haec
1312 3599 1403 3654 verba

138 3701 140 3704 ·
191 3665 555 3754 ⁰iil³³ffl⁵·suscepimus;
580 3683 766 3740 Innocentius
788 3689 817 3738 et
841 3689 954 3750 caetera,
978 3683 1123 3756 6166106
1171 3683 1287 3738 Harum
1310 3681 1403 3754 igitur

191 3729 327 3860 iffi&
359 3769 529 3822 auctoritate
554 3773 646 3836 quum
663 3767 795 3836 partibus
820 3767 1012 3838 praesentibus
1038 3787 1125 3824 causa
1143 3769 1350 3838 praenominata
1373 3769 1405 3822 in

194 3865 306 3914 werthe
359 3857 458 3906 nostra
478 3851 669 3908 ventilaretur
684 3853 849 3920 prasentia,
873 3851 1006 3906 dominus
1028 3851 1180 3920 episcopus
1205 3851 1281 3906 inter
1300 3857 1406 3906 caetera

192 3931 291 3996 Vfllley·
359 3935 510 4004 proposuit
529 3935 606 4004 quod
624 3935 751 4004 episcopi
762 3935 970 4004 Wigornenses
983 3939 1012 3988 et
1031 3953 1132 3990 eorum
1148 3935 1405 4010 officiales-‘causas

301 4037 302 4040 ¹
359 4019 587 4076 matrimoniales
619 4025 648 4074 61
678 4017 824 4088 sacrilegii
852 4019 888 4074 de
918 4019 1119 4088 parochianis²
1145 4019 1351 4074 monachorum
1374 4019 1406 4072 in
1473 4061 1474 4064 ,

360 4103 437 4172 valle
457 4103 690 4168 consistentibus,
709 4107 834 4156 16661666
854 4109 884 4158 61
903 4103 1024 4158 definire
1045 4097 1185 4170 solebant,
1207 4105 1313 4174 quibus
1338 4107 1406 4174 cog·

360 4187 519 4244 nilionibus
542 4187 674 4244 monachi
695 4191 801 4256 praeter
821 4187 898 4258 juris
923 4187 1056 4242 ordinem
1079 4187 1177 4258 ipsum
1197 4189 1403 4258 spoliaverunt,

362 4271 484 4346 ideoque
509 4271 724 4328 restitutionem
751 4271 807 4326 sibi
834 4271 898 4326 fieri
926 4271 1095 4340 postulavit.
1145 4271 1290 4328 Admissis
1313 4273 1409 4344 igitur

363 4377 451 4428 super
474 4357 530 4422 ln's,
565 4361 651 4428 prout
681 4355 753 4412 ordo
773 4355 850 4428 juris
877 4355 1020 4426 exigebat,
1050 4357 1184 4424 testibus,
1213 4375 1302 4428 quum
1332 4355 1407 4426 epis:

396 4643 511 4710 ¹eodem]
536 4649 623 4696 eodem
644 4643 760 4710 capitulo,
782 4643 857 4706 Ma,
908 4645 1016 4694 bencath
1027 4643 1146 4694 withtwo
1158 4643 1221 4706 dots,
1238 4643 1281 4692 the
1292 4641 1410 4704 ordinary

363 4727 406 4776 the
426 4727 499 4776 161166
518 4729 587 4776 word
608 4725 685 4790 being
707 4727 800 4790 clearly
822 4727 861 4774 in·
911 4725 997 4774 marks
1009 4723 1040 4772 of
1047 4739 1154 4774 erasure.

364 4809 446 4860 serted
452 4811 486 4872 by
492 4807 598 4858 16161616
612 4811 663 4860 and
673 4809 750 4872 being
759 4807 863 4856 marked
944 4805 955 4834 ²
968 4801 1140 4870 parochianis]
1154 4801 1332 4868 parrochianis,
1342 4799 1398 4852 MS.
1429 4847 1430 4850 ,
