3308 5666
307 733 309 736 -
411 725 414 738 ·
438 709 640 764 onaorroorr
662 713 822 764 renarra
844 715 891 762 na
914 713 1085 766 massan.
1221 701 1299 774 209,

239 895 320 966 prior
338 897 488 970 percipere
515 901 587 958 duas
613 919 726 960 marcae
745 907 775 958 et
793 901 945 958 dimidiam
963 901 999 954 de
1017 899 1141 956 ecclesia
1159 901 1194 954 de
1212 901 1283 956 Am·
1295 905 1363 958 An.
1378 913 1449 964 1206:

238 979 363 1036 bresleia
386 983 434 1036 de'
452 985 549 1046 veteri
573 989 712 1062 pensione
747 987 898 1058 sexaginta
925 985 1093 1050 solidorum,
1123 987 1164 1038 et>
1177 985 1284 1056 viginti

196 1135 197 1138 Ἴ
237 1063 344 1120 solidos
371 1067 407 1120 de
431 1069 570 1138 pensione
596 1073 730 1128 ecclesiae
757 1071 792 1126 de
812 1069 1004 1136 Bradewelle,
1029 1073 1064 1122 ut
1085 1085 1139 1138 per
1165 1085 1284 1122 manum

236 1147 417 1204 refectorarii
431 1151 528 1222 [quern
545 1153 609 1226 ipse
629 1157 665 1210 de
678 1153 801 1212 oonsilio
822 1159 980 1220 conventus
997 1153 1083 1208 debet
1095 1149 1283 1222 constituere)

236 1231 284 1288 rel
304 1233 424 1292 alterius
448 1239 653 1294 obedientiarii
674 1239 711 1294 de
735 1237 843 1310 viginti
868 1239 970 1294 solidis
996 1237 1047 1292 fiat
1064 1237 1173 1292 festum
1191 1237 1283 1292 sancti

204 1391 205 1394 Ἴ
239 1315 380 1374 Johannis
399 1325 465 1374 ante
483 1327 598 1394 portam
613 1321 759 1386 Latinam,
775 1327 804 1376 et
826 1323 861 1376 de
880 1321 982 1378 decem
996 1321 1096 1378 solidis
1117 1321 1283 1378 anniversa·

236 1399 315 1456 rium
332 1403 444 1484 aboatis
462 1405 627 1474 Reginaldi,
642 1411 672 1462 et
693 1407 729 1460 de
746 1405 848 1460 decem
867 1405 969 1462 solidis
987 1405 1216 1462 anniversarium
1235 1405 1282 1460 ab·

237 1483 313 1540 batis
324 1483 397 1540 Adce
405 1509 414 1554 Ὶς
433 1487 471 1544 de
482 1507 541 1544 una
552 1507 621 1546 vero
639 1507 738 1546 marca
750 1489 981 1546 anniversarium
992 1489 1105 1546 abbatis
1124 1487 1282 1546 Rondulfi.1
1331 1549 1332 1552 Ἴ

458 1773 459 1776 ’
552 1769 723 1840 Redditus
746 1771 981 1858 refectorarii?

273 1925 368 1986 Debet
385 1929 474 1988 ctiam
490 1931 547 1990 iste
565 1933 770 1990 refectorarius
793 1933 924 2004 recipere
943 1937 972 1988 et
990 1931 1148 2002 expendere
1165 1931 1198 1986 in
1214 1929 1282 1988 vino
1293 1935 1392 1988 ofthe

208 2025 209 2028 ’
237 2017 267 2068 et
284 2013 405 2068 medone
423 2017 555 2074 redditus
580 2019 630 2090 qui
650 2017 770 2082 fuerunt
789 2017 826 2070 ad
848 2015 1050 2086 pitanciariam
1068 2017 1119 2088 qni
1136 2015 1283 2086 pertinent
1292 2005 1425 2070 mamlple,

238 2095 275 2152 ad
291 2091 401 2168 potqu
416 2099 528 2158 scilicet
545 2101 577 2156 in
595 2101 740 2160 Evesham
756 2099 793 2154 de
808 2117 884 2156 nora
896 2105 976 2156 terra
992 2099 1093 2154 decem
1109 2119 1232 2166 marcas,
1245 2099 1281 2170 de
1345 2141 1347 2146 .
1437 2123 1440 2128 ¹

237 2179 400 2238 Ulleberwe
421 2183 528 2254 viginti
548 2185 676 2254 quinque
701 2183 819 2248 solidos,
838 2183 874 2238 de
895 2183 1018 2238 ecclesia
1037 2183 1073 2236 de
1094 2177 1281 2244 Hildendune

236 2283 324 2320 unam
348 2283 485 2334 marcam,
511 2269 547 2324 de
565 2269 729 2334 redditibus
755 2267 792 2322 de
817 2267 1003 2324 Penwrtham
1028 2285 1116 2322 unam
1136 2265 1280 2332 marcam,
1381 2301 1382 2304 =

237 2349 273 2402 de
291 2351 455 2406 molendino
479 2353 515 2406 de
533 2353 758 2410 Withlakesfort
781 2351 944 2416 dimidiam
958 2369 1095 2416 marcam,
1115 2351 1151 2404 de
1175 2353 1282 2408 molen·
1302 2373 1303 2376 ¹

238 2433 305 2488 dino
324 2435 498 2490 seneschalli
515 2437 552 2490 de
572 2437 687 2492 Saliord
712 2435 864 2492 dimidiam
882 2451 1019 2504 marcam,
1040 2435 1075 2488 de
1098 2433 1282 2490 Arnbresleia

237 2517 389 2578 duodecim
410 2519 535 2582 s'extaria
555 2519 675 2576 mellis.3
716 2517 764 2574 Ad
787 2537 855 2574 eum
879 2517 968 2574 etiam
993 2517 1140 2588 pertinent
1163 2519 1283 2586 minutae

237 2599 357 2656 decimae
382 2601 429 2674 de
453 2603 630 2668 Wikewane‚
659 2603 832 2668 Baddeseia,
862 2607 893 2656 et
920 2599 1077 2656 Aldintone
1103 2601 1140 2656 ad
1167 2617 1283 2674 repara·

236 2685 345 2740 tionem
375 2689 405 2740 et
436 2687 552 2740 numeri
587 2681 834 2748 conservationem
880 2679 1084 2750 cochlearium,
1121 2683 1281 2756 ciphorum,

234 2767 391 2838 justarum,
419 2771 678 2842 manutergiorum,
707 2777 737 2826 et
761 2769 886 2824 aliorum
912 2767 1092 2836 mansilium,-
1113 2787 1188 2824 ·cum
1211 2769 1283 2824 iam·

272 3049 374 3104 ¹Dcter
390 3087 496 3106 .....
515 3053 644 3120 chdulfi]
674 3053 751 3112 ron„
785 3049 1283 3122 i‘eatpotuspostccllationem‚etmulta

222 3125 223 3128 ¹
239 3127 308 3196 Au'g.
320 3133 372 3182 end
381 3131 452 3184 Harl.
785 3133 801 3158 “
813 3131 863 3182 alia
872 3145 949 3180 onera
957 3135 982 3180 et
993 3137 1086 3200 statuta
1094 3131 1163 3184 cirea
1172 3133 1282 3184 minutos

272 3213 282 3242 2
293 3211 357 3262 This
364 3211 459 3262 section
470 3211 498 3262 in
505 3211 573 3276 Aug.
580 3213 644 3278 (end
652 3211 734 3278 Harl.)
749 3207 750 3210 ’
785 3213 801 3238 “
812 3217 838 3260 et
848 3209 961 3260 infirmos
979 3219 1003 3260 et
1020 3211 1083 3260 alios
1094 3211 1183 3262 fratres
1196 3213 1226 3262 de
1242 3211 1282 3262 his

239 3305 299 3340 runs
316 3305 343 3340 as
359 3291 457 3342 follows
470 3295 527 3342 :-···1“
539 3291 584 3340 Ad
599 3279 735 3342 refectam·
785 3291 801 3316 “
812 3289 960 3344 sustinetet
977 3289 1081 3352 supplet.
1104 3291 1150 3346 ¹Et
1166 3291 1282 3354 quotiens

239 3367 579 3432 “riumpertinentminutae
592 3369 695 3428 decima
704 3371 735 3418 de
773 3371 885 3440 '“potus
903 3367 978 3418 riserit
995 3375 1051 3430 post
1070 3383 1163 3418 nonam
1182 3367 1282 3418 habebit
1340 3371 1343 3376 '

239 3451 255 3478 “
266 3445 422 3508 Wikerrane,
429 3449 567 3500 Baddeseie
579 3455 604 3500 et
611 3449 735 3512 Aldetcne
785 3449 800 3474 ‘⁶
811 3445 995 3496 refectoriarius
1012 3447 1073 3496 dues
1089 3447 1168 3510 justas
1184 3451 1215 3498 de
1231 3449 1281 3498 cel-

240 3531 256 3558 “
267 3529 299 3580 ed
315 3529 497 3592 reparationem
512 3529 676 3596 cochlearum,
692 3545 737 3596 cy·
786 3529 801 3556 “
812 3513 914 3576 lerio.”'
935 3525 990 3574 The
1001 3525 1075 3574 order
1091 3525 1120 3576 cf
1133 3527 1176 3576 the
1188 3527 1283 3578 several

240 3611 256 3638 ‘⁴
266 3607 393 3672 phorum,
411 3607 544 3672 justarum,
572 3609 736 3658 fenestrarum
786 3607 893 3656 sections
909 3605 931 3654 is
948 3605 1065 3654 different
1082 3605 1108 3654 in
1125 3607 1194 3658 these
1205 3607 1282 3658 MSS.

239 3687 410 3750 “vitromm
440 3693 464 3738 et
485 3701 603 3736 rasorum
618 3687 689 3738 ¹salis
713 3697 737 3738 et
785 3685 851 3736 from
862 3685 916 3734 that
927 3685 955 3732 in
969 3685 1010 3734 the
1022 3691 1084 3736 text.
1150 3719 1151 3724 ,
1209 3719 1210 3722 κ
1249 3691 1250 3694 ’

240 3769 256 3796 ‘⁴
268 3767 376 3816 aliomm
382 3767 529 3818 utensilium
538 3783 595 3820 cunr
605 3767 736 3834 duodecim
819 3767 829 3796 ³
840 3767 870 3816 In
881 3767 924 3816 the
931 3765 1029 3828 margin
1041 3767 1084 3816 the
1091 3767 1220 3832 following
1229 3783 1284 3832 pas·
1334 3801 1339 3812 x

194 3873 196 3880 ν
240 3849 255 3876 “
267 3847 425 3910 lampadibus
437 3847 526 3898 etolec
539 3861 630 3908 earum,
639 3849 671 3898 de
683 3847 738 3912 qui·
786 3861 846 3910 sege
857 3845 879 3894 is
890 3845 1005 3906 inserted,
1015 3845 1041 3894 in
1052 3847 1231 3898 onotherhand
1241 3869 1284 3900 :-

240 3929 255 3954 “
266 3925 312 3976 bus
329 3927 464 3990 respondet
480 3925 558 3990 priori
570 3925 614 3988 qui
630 3939 689 3976 eum
706 3927 737 3976 de
787 3925 849 3984 “De
865 3931 931 3974 terra
942 3935 1017 3988 quarn
1033 3925 1064 3976 R.
1078 3925 1164 3976 Beche
1181 3925 1241 3976 emit
1257 3925 1284 3974 in

240 4005 256 4032 ‘⁴
269 4003 373 4054 coneilio
384 4003 607 4066 iraaumpraeficit.
625 4003 739 4054 Pertinet
788 4009 803 4032 ‘⁶
813 4003 887 4054 Nova
900 4003 986 4074 Terra,
997 4017 1057 4052 xmr
1066 4005 1098 4066 d,
1115 4005 1146 4054 de
1156 4011 1221 4054 term
1229 4021 1285 4068 por-

240 4083 343 4136 “etiam
363 4083 396 4132 ad
415 4097 473 4132 eum
492 4081 597 4132 collecta
608 4081 738 4134 cerevisia
780 4085 804 4112 '⁴‘
816 4081 881 4142 terii,
894 4095 936 4130 ΧΠ
953 4081 1053 4132 dHaec
1070 4081 1113 4148 (l)
1124 4099 1170 4146 pro
1187 4083 1285 4134 redditu
1352 4103 1353 4106 ¹

240 4165 256 4190 “
267 4153 325 4224 post
345 4163 456 4226 primm
477 4161 571 4222 cibum,
584 4167 610 4210 et
626 4161 738 4224 qnotidie
788 4163 804 4188 “
816 4159 957 4210 duodecim*
968 4161 1126 4210 denariorum
1144 4177 1206 4226 quos
1218 4161 1286 4212 dedi-

241 4241 457 4306 “sexjustaede
479 4239 580 4292 cellario
599 4241 738 4304 dequibus
788 4243 872 4300 ‘fmus
883 4237 1286 4304 WillielmodeT-pwequefirc-
1345 4257 1348 4264 ’

245 4321 259 4348 “
272 4319 448 4372 decantarem
458 4317 592 4370 conventui
600 4319 740 4384 postcolla·
790 4321 874 4368 “rnnt
895 4319 927 4368 ed
950 4317 1109 4368 refectorium
1131 4321 1162 4366 de
1180 4321 1286 4382 quadam
1315 4303 1320 4318 ’

242 4399 259 4424 “
271 4397 520 4452 tionechminicis
533 4397 620 4448 diebus
634 4405 659 4448 et
671 4397 740 4446 omni
789 4399 805 4426 “
816 4401 882 4444 terre
893 4411 980 4444 versus
990 4397 1167 4444 molendinum
1174 4413 1228 4462 quae
1239 4399 1288 4448 fuir
1304 4399 1310 4408 “

242 4477 258 4502 “
272 4477 610 4542 septimanesemclqoando
628 4483 741 4528 cantatur
790 4475 925 4526 “Acelote
942 4485 996 4538 'pro
1025 4475 1109 4540 quieta
1142 4477 1288 4528 clamatione

242 4553 311 4604 “De
327 4555 558 4618 castenerias
575 4555 687 4606 inveniet
697 4571 742 4620 po-
791 4557 807 4584 “
818 4561 890 4604 terrae
907 4555 1020 4604 Isabellae
1037 4553 1095 4606 filiae
1106 4555 1201 4620 King.’'

243 4633 258 4660 “
270 4639 324 4684 tum
341 4641 399 4684 ante
410 4633 570 4686 collationem
582 4635 741 4700 quandonon
1272 4639 1274 4644 ’

995 4771 1001 4776 .
1133 4735 1155 4780 0
