3308 5666
434 707 636 756 oncourcou
659 705 814 756 nannum
836 709 882 756 nn
905 707 1076 768 nunsula.
1223 679 1288 756 199

231 895 366 956 teretur.
405 883 564 978 Magnum
580 913 655 978 ergo
671 891 852 978 periculum
867 897 917 958 est
932 891 963 956 ei
979 889 1112 956 solvere.
1153 885 1241 954 Nam
1256 885 1284 950 si
1296 897 1366 954 111).
1380 907 1450 954 laco.
1491 923 1494 926 ·

233 993 263 1056 ei
279 993 411 1060 deberet
432 993 503 1062 fieri
530 993 660 1074 solutio,
684 995 945 1062 adsolutioncm
970 991 1154 1060 faciendam
1178 989 1284 1058 eidem

232 1101 429 1182 competeret
440 1097 571 1164 coercio.
611 1097 718 1178 Quam
732 1099 760 1162 si
775 1099 919 1176 haberet,
932 1085 1061 1164 constat
1072 1093 1287 1182 parochianos

231 1204 360 1264 nostros
373 1221 439 1264 non
458 1221 526 1264 esse
552 1199 648 1286 plene
676 1205 853 1284 exemptos,
871 1223 973 1286 quum
989 1199 1157 1286 episcopus
1175 1201 1283 1282 posset

231 1321 285 1364 eos
305 1303 585 1368 excommunicare
608 1305 642 1366 et
665 1301 764 1366 ctiam
788 1301 822 1364 in
847 1303 987 1370 solidum
1011 1304 1139 1388 cogeret
1162 1319 1216 1366 cos
1239 1299 1282 1366 ad

230 1401 425 1470 solutionem
459 1403 634 1470 eorundem
669 1403 878 1470 denariorum
910 1425 1013 1490 usque
1045 1403 1088 1474 ud
1121 1423 1282 1468 summam
1343 1423 1344 1426 ¹

229 1509 361 1570 centurn
383 1505 560 1572 solidorum
586 1505 640 1572 vel
666 1505 813 1590 amplius,
830 1509 927 1574 nacta
945 1507 1163 1590 qualicunque
1187 1525 1284 1572 causa

231 1612 270 1671 ut
306 1629 366 1674 nos
389 1616 551 1694 gravaret,
576 1631 636 1674 neo
660 1613 771 1694 posset
794 1609 912 1694 aliquis
944 1611 974 1674 ei
1005 1609 1155 1674 resistere
1181 1627 1286 1692 quum.-

228 1709 297 1794 ipse
320 1733 405 1798 papa
435 1713 478 1776 ad
511 1713 570 1776 hoc
604 1711 733 1778 nitatur
768 1733 879 1778 omnes
914 1709 1113 1796 compellere.
1174 1701 1282 1774 Etsi

227 1816 359 1878 tantum
381 1813 504 1902 viginti
535 1815 655 1882 solidos
678 1819 793 1880 contra
811 1833 874 1878 nos
905 1813 1077 1890 obtineret,
1100 1809 1299 1898 periculus
1324 1881 1348 1888 ,,
1393 1833 1394 1838 ¹
1452 1809 1453 1812 ’

227 1915 322 1980 nobis
336 1917 523 1984 immineret
544 1941 587 1982 ne
610 1922 681 1982 tam
704 1917 836 1980 domino
852 1939 945 2004 papae
962 1937 1060 2002 quam
1082 1915 1131 1982 illi
1154 1913 1280 1984 solvere

227 2029 414 2102 cogeremur
437 2019 574 2086 eosdem.
635 2019 681 2083 Et
704 2019 804 2106 quial
829 2019 898 2086 haec
921 2019 1008 2082 mola
1031 2023 1064 2084 et
1087 2017 1193 2082 multa
1215 2017 1289 2082 alia
1325 2025 1328 2032 “

227 2121 431 2208 conligerent
453 2145 511 2208 ρετ
533 2121 827 2202 clericosdecanos,
853 2125 886 2186 et
910 2121 987 2206 quia
1013 2121 1168 2190 timentes
1190 2109 1302 2206 mag-s

227 2227 321 2296 uates
351 2229 447 2288 cena
465 2247 548 2290 ¹non
583 2223 803 2290 defendebant
833 2223 1049 2310 possessiones
1081 2229 1209 2292 nostras
1247 2227 1280 2288 et

227 2325 375 2392 homines
405 2331 545 2414 nostros,
580 2349 640 2398 nec
674 2329 709 2390 in
750 2325 975 2394 malefactores
1007 2331 1146 2404 nostros,
1181 2331 1280 2412 prcut
1331 2383 1335 2386 ,.

225 2429 348 2494 decano
371 2427 542 2514 incumbit,
557 2451 616 2514 per
638 2451 808 2496 censuram
824 2429 1075 2496 ecclesiasticam
1090 2427 1162 2494 ausi
1185 2439 1279 2492 erant

213 2531 491 2610 animadvertere,
514 2531 615 2598 immo
638 2531 786 2610 homines
808 2537 939 2598 nostros
956 2533 1088 2616 quando
1110 2529 1279 2594 habebant

224 2655 331 2700 coram
353 2633 399 2700 eis
423 2655 534 2700 causas
558 2635 661 2720 magis
685 2635 871 2720 spoliabant
894 2655 957 2712 eos,
982 2633 1149 2700 inhiantes
1179 2631 1278 2696 lucris

223 2735 466 2822 temporalibus,
488 2741 521 2802 et
553 2759 664 2802 curam
698 2737 884 2808 animarum
919 2737 953 2798 in
987 2735 1170 2822 periculum
1204 2757 1277 2798 nos-

222 2845 348 2904 trarum
372 2839 556 2904 animarum
578 2835 861 2926 parvipendebant
876 2839 970 2922 (nam
991 2839 1070 2904 facti
1093 2835 1198 2904 securi
1221 2859 1278 2922 ρετ
1321 2875 1326 2882 1
1364 2843 1367 2858 ‘

224 2947 346 3008 cartam
386 2943 526 3008 ecclesiae
559 2965 625 3006 non
658 2946 812 3028 poterant
845 2943 998 3020 amoveri,
1034 2947 1068 3012 et
1097 2939 1176 3008 'ideo
1207 2961 1275 3004 non

221 3045 384 3110 timebant
405 3047 488 3132 nos),
522 3051 556 3110 et
586 3045 664 3130 quia
686 3045 814 3110 onerosi
842 3049 937 3110 erant
965 3043 1106 3110 ecclesias
1129 3065 1186 3128 per
1208 3065 1275 3110 onr-

222 3147 285 3228 nia,
318 3147 407 3214 ¹siout
443 3147 647 3214 senescaldus
679 3147 720 3216 ,in
742 3147 962 3234 'quotidianis
989 3143 1273 3234 procurationibus

221 3249 390 3336 hominum
415 3257 449 3316 et
481 3249 868 3336 equorumt-provisum
902 3253 952 3314 est
976 3255 1010 3312 ct
1043 3251 1208 3314 statutum
1234 3250 1394 3310 utltisre-

221 3353 371 3418 monachi
386 3353 454 3416 sint
469 3353 593 3430 decani,
608 3351 695 3416 sicut
718 3351 784 3424 fuit
807 3351 897 3438 prior
920 3351 1057 3416 Aricius
1080 3357 1115 3416 et
1139 3349 1272 3434 quidam
1285 3327 1435 3382 solvendas

219 3453 276 3522 alii
309 3453 460 3520 monachi
483 3455 745 3540 postcumsqui
768 3455 811 3518 ad
834 3453 1045 3520 voluntatem
1083 3451 1213 3518 abbatis
1237 3455 1270 3516 et
1283 3395 1414 3512 llefflddlis

191 3575 192 3580 ¹
219 3561 399 3626 conventus
422 3555 450 3620 si
472 3555 559 3624 male
581 3555 708 3642 egerint
731 3557 784 3622 vel
814 3555 934 3642 tepide,
956 3555 1085 3642 possint
1115 3555 1269 3630 amoveri,
1282 3527 1417 3646 {2}ss0ssssss

186 3695 188 3700 κ
219 3663 252 3720 et
285 3661 343 3744 qui
377 3681 415 3724 ea
446 3681 519 3744 quse
553 3659 729 3744 acquirunt
749 3657 902 3724 'ecclesia
933 3659 1122 3744 acquirant,
1145 3661 1179 3722 et
1211 3657 1268 3742 qui
1280 3661 1377 3724 priests,
1391 3663 1436 3712 but

219 3761 373 3852 audacter
394 3761 430 3824 in
444 3761 668 3844 malefactores
691 3761 837 3828 ecclesiae
860 3763 1134 3838 ammadvertant‚
1150 3765 1184 3824 et
1211 3759 1269 3844 qui
1280 3729 1440 3858 ffieenffiyff

218 3883 285 3924 non
307 3855 375 3928 sint
398 3863 503 3948 magis
520 3865 612 3930 oneri
638 3863 781 3930 ecclesia
803 3867 902 3950 quam
925 3865 1065 3950 simplex
1088 3861 1421 3926 monachusremovaue
1491 3945 1492 3952 ἵ

218 3971 336 4050 prater
359 3965 621 4052 procurationem
644 3967 838 4054 apparitoris
869 3967 928 4032 sui.
981 3967 1026 4032 Et
1048 3963 1191 4030 maxime
1214 3963 1266 4026 his
1280 3931 1431 4016 atpleasure.

218 4065 333 4132 diebus
371 4089 500 4132 necesse
534 4075 584 4132 est
615 4075 654 4136 ut
686 4069 843 4134 monachi·
874 4071 943 4136 sint
973 4053 1102 4146 decani,
1125 4065 1203 4152 quia
1237 4065 1266 4128 si

218 4167 318 4236 abbas
333 4169 529 4238 discessisset
550 4171 616 4234 nisi
638 4173 816 4236 monachus
838 4177 923 4238 esset
943 4173 1084 4246 decanus
1098 4191 1166 4234 non
1181 4172 1265 4232 essct

218 4269 333 4356 aliquis
356 4273 416 4362 qui
436 4273 604 4342 ministros
627 4275 712 4360 regis
735 4297 834 4340 ausus
850 4333 851 4336 ,
867 4279 951 4340 esset
976 4271 1265 4348 excommunicare,

242 4485 294 4538 ¹1A
316 4487 464 4540 nanshtion
482 4491 559 4552 (fiom
582 4491 659 4554 Vesp.
681 4491 711 4540 B.
740 4479 815 4556 'end
837 4491 868 4540 cf
885 4491 936 4542 this
953 4491 1056 4552 scotica,
1079 4489 1107 4540 in
1129 4489 1266 4540 somewhat

215 4563 285 4614 xxiv.
301 4569 351 4632 13),
363 4567 394 4618 cf
399 4567 442 4618 the
453 4575 551 4632 greater
560 4575 617 4634 pert
627 4569 658 4620 of
669 4567 712 4618 the
766 4569 882 4620 different
889 4573 969 4632 order,
977 4569 999 4620 is
1005 4569 1105 4634 printed
1113 4571 1141 4620 in
1149 4569 1264 4620 lindnl's

215 4653 317 4710 passage
326 4639 465 4714 extending
473 4649 539 4700 frum
547 4649 658 4700 henceto
669 4649 713 4698 the
766 4647 873 4716 Histcry
884 4651 915 4702 of
926 4651 1061 4712 Evesham,
1072 4667 1113 4716 pp.
1128 4655 1183 4712 199,
1197 4655 1252 4702 191.

1059 4735 1128 4798 112
