3308 5666
309 677 343 690 '¹
395 707 460 770 ‘206
596 721 795 774 0111011001
817 711 975 770 insana
998 719 1239 772 1111111111.
1349 743 1350 746 =

197 923 199 928 ’
225 917 384 988 11111201π
430 901 504 962 Sunt
528 905 627 980 'igitur
653 907 876 964 consuetudines
902 909 1071 964 monasterii
1098 905 1278 980 hujusmodi,
1301 905 1440 962 videlicet

389 991 577 1060 ,1110111111
596 993 672 1048 infra
691 997 773 1064 septa
790 981 960 1048 monasterii
979 985 1104 1048 existens
1124 993 1200 1048 inter
1212 993 1319 1046 fratres
1337 1009 1439 1046 secun-
1478 1003 1481 1010 ⁴

392 1073 462 1130 dum
488 1077 637 1148 antiquam
656 1075 758 1132 domus
776 1074 861 1132 illius
878 1077 1117 1134 consuetudinem
1136 1075 1333 1144 conversando
1351 1091 1437 1144 regu-

390 1156 493 1216 lariter
510 1161 600 1226 vivet,
616 1165 645 1214 et
658 1161 801 1214 exteriora
812 1177 866 1232 pro
878 1161 991 1224 viribus
1012 1161 1073 1216 suis
1086 1161 1123 1216 ad
1136 1159 1296 1216 utilitatem
1308 1157 1439 1216 ecelesia
1457 1163 1458 1168 ’

223 1261 372 1312 Mannerof
390 1245 510 1312 provide
530 1249 559 1314 et
576 1243 703 1300 fideliter
726 1243 914 1314 dispensabit.
959 1245 1046 1300 Prior
1063 1261 1143 1310 vero,
1166 1243 1311 1314 subprior,
1331 1241 1436 1296 tertius

223 1329 329 1378 election
389 1329 479 1396 prior,
494 1333 523 1384 et
541 1327 591 1384 alii
610 1321 744 1384 custodes
758 1327 878 1394 ordinis,
898 1329 978 1400 prior
1000 1329 1036 1384 de
1055 1327 1251 1400 Penvvrtham,
1271 1331 1434 1396 precentor,

209 1397 366 1474 ,1111111191
389 1411 525 1484 decanus,
546 1411 676 1478 sacrista,
697 1411 884 1478 camerarius,
899 1413 1097 1484 coquinarius,
1119 1409 1434 1478 cellerarius'interior,

222 1461 377 1580 gffihgtffiffl
389 1495 576 1560 infirmarius,
590 1494 846 1568 eleemosynarius,
869 1503 967 1554 custos
988 1497 1081 1552 vineae
1100 1503 1129 1552 et
1147 1495 1273 1568 gardini,
1294 1495 1436 1566 magister

222 1595 326 1648 offieeffi,
388 1579 506 1636 fabricae
525 1579 678 1646 ecclesiae,¹
696 1579 840 1652 magister
862 1581 1020 1654 hospitum,
1043 1583 1078 1638 de
1103 1580 1226 1636 consilio
1245 1585 1274 1634 et
1292 1597 1435 1636 consensu

388 1669 546 1720 conventus
563 1663 612 1718 vel
629 1663 749 1736 majoris
769 1669 798 1720 et
817 1665 939 1720 sanioris
967 1667 1059 1736 partis
1079 1665 1110 1720 in
1128 1665 1255 1738 capitulo
1274 1663 1309 1718 ab
1331 1663 1434 1728 abbate
1473 1717 1474 1720 ,

316 1733 319 1746 1
387 1747 423 1804 de
440 1749 558 1822 proprio
576 1753 720 1804 conventu
747 1755 891 1816 creentur.
930 1749 986 1816 Qui
1006 1741 1155 1816 siminus,
1183 1747 1260 1820 quod
1278 1747 1362 1812 absit,
1382 1747 1433 1802 ho-

385 1837 468 1888 neste
493 1834 541 1888 vel
568 1833 665 1890 minus
690 1833 851 1904 prudenter
878 1835 909 1890 in
936 1833 1038 1890 officiis
1066 1833 1128 1892 suis
1154 1851 1185 1890 se
1211 1831 1368 1892 habuerint
1385 1831 1434 1886 vel

386 1919 462 1972 male
489 1917 630 1974 fratribus
656 1917 934 1984 administraverint,
954 1917 1036 1988 prius
1055 1919 1182 1992 ccrrepti
1202 1915 1386 1990 regulariter,
1407 1913 1434 1970 si

385 2017 443 2056 non
468 2001 687 2058 emendaverint
714 2005 903 2058 amoveantur
921 2001 952 2054 in
969 2001 1107 2072 capitu10,
1129 2005 1159 2056 et
1183 2001 1235 2058 alii
1261 1999 1315 2056 sub
1339 1999 1433 2056 forma

345 2107 351 2122 ,
386 2083 525 2154 praedicta
543 2085 574 2140 in
591 2085 654 2140 loco
673 2103 774 2140 eorum
786 2085 817 2138 in
828 2084 956 2156 capitulo
973 2089 1003 2140 et
1020 2085 1210 2140 incontinenti
1227 2083 1430 2154 subrogentur,

378 2179 422 2222 'ne
443 2169 541 2238 aliquo
567 2171 637 2224 casu
656 2169 687 2224 in
705 2187 807 2224 manus
831 2169 912 2240 regis
937 2169 1092 2224 deveniant
1109 2169 1185 2240 ipsa
1205 2167 1307 2232 officia,
1328 2167 1433 2222 abbate·

384 2251 459 2306 forte
473 2251 639 2322 decedente,
653 2251 708 2320 vel,
720 2271 772 2326 per
785 2271 897 2308 moram
909 2253 960 2308 fiat
971 2253 1167 2308 'deterioratio
1188 2251 1428 2316 obedientiarum,
1448 2307 1455 2320 ,

383 2341 435 2390 aut
452 2337 559 2408 aliquis
585 2337 716 2394 defectus
741 2341 861 2408 propter
888 2355 1001 2392 moram
1028 2341 1169 2408 emergat.
1208 2335 1294 2394 Prior
1313 2353 1382 2390 vero
1401 2341 1431 2392 11

334 2479 336 2488 ξ
381 2411 516 2492 praedicti
540 2421 676 2492 magistri
703 2421 813 2478 ordinis
833 2421 922 2476 simul
940 2439 1009 2476 cum
1027 2421 1132 2476 abbate
1151 2425 1185 2480 ut
1203 2419 1273 2486 ordo
1292 2421 1430 2488 monasti

382 2521 434 2558 cus
453 2521 520 2558 cum
538 2505 636 2576 rigore
656 2505 819 2578 disciplinae
845 2505 1006 2566 secundum
1029 2503 1164 2576 regulam
1181 2503 1260 2560 beati
1277 2503 1430 2560 Benedicti

382 2587 553 2644 observetur
584 2609 728 2646 summam
758 2589 942 2660 diligentiam
967 2589 1148 2650 adhibeant„
1181 2587 1306 2644 Meuime
1331 2593 1429 2644 autem

382 2689 499 2742 operam
524 2679 664 2744 praestent
681 2693 718 2728 ne
736 2675 870 2730 monachi
888 2673 1001 2744 aliquid
1020 2673 1083 2728 eine
1106 2673 1228 2730 licentia
1244 2671 1379 2736 habeant,
1400 2677 1429 2728 et

381 2773 418 2810 ne
437 2755 508 2812 alias
528 2775 616 2828 quam
634 2759 665 2812 in
681 2759 836 2812 refectorio
856 2759 918 2814 sine
936 2757 1055 2812 licentia
1074 2757 1235 2822 comedant,
1256 2761 1285 2812 et
1303 2761 1338 2810 ut
1355 2757 1428 2810 elee-

381 2857 503 2914 mosyna
533 2859 633 2896 eorum
659 2859 711 2914 per
736 2859 839 2896 manue
867 2841 1091 2912 eleemosynarii
1117 2847 1263 2914 erogetur,
1290 2839 1320 2896 et
1344 2859 1380 2898 ne
1412 2859 1428 2900 a

338 2953 345 2964 ·
380 2923 507 2980 claustro
527 2923 588 2980 sine
602 2925 721 2982 licentia
737 2929 847 2990 exeant,
863 2929 893 2980 et
904 2931 938 2980 ut
957 2925 1106 2980 silentium
1124 2925 1195 2980 locis
1214 2931 1245 2980 et
1261 2923 1429 2996 1101111111-

380 3007 451 3062 tutis
480 3003 662 3086 observetur,
685 3013 715 3064 et
733 3013 767 3062 ut
783 3009 891 3064 tratres
914 3009 1083 3078 frequenter
1101 3007 1209 3064 delicta
1226 3009 1425 3074 confiteantur,

379 3109 438 3146 non
461 3097 560 3148 tamen
587 3087 653 3148 aliis
672 3109 759 3160 quam
776 3091 824 3148 his
849 3091 901 3162 qui
919 3091 1028 3150 adhoc
1046 3091 1231 3164 deputantur.
1277 3091 1340 3150 Alii
1357 3111 1426 3148 vero

341 3183 350 3212 -’
379 3173 512 3246 praedicti
539 3175 675 3230 officiales
702 3193 801 3246 omnes
830 3175 882 3246 qui
907 3175 1039 3232 redditus
1065 3177 1233 3246 percipiunt
1262 3181 1365 3254 quater
1392 3177 1426 3230 in

321 3309 323 3316 .
380 3277 453 3316 111110
478 3277 576 3316 coram
602 3259 714 3326 abbate,
734 3259 782 3314 vel
800 3277 835 3316 eo
854 3277 941 3328 quern
958 3260 1023 3318 loco
1042 3277 1094 3318 suo
1112 3261 1257 3326 statuerit,
1281 3261 1378 3330 priore
1397 3265 1426 3316 et
1470 3289 1473 3294 ·

380 3361 431 3408 sex
448 3343 664 3408 claustralibus,
678 3343 774 3404 tribus
786 3343 822 3398 ab
840 3343 944 3400 abbate
957 3349 986 3398 et
998 3343 1092 3400 tribus
1112 3363 1129 3398 a
1141 3349 1286 3402 conventu
1303 3345 1422 3410 vocatis,

379 3427 415 3482 de
434 3417 682 3500 administratione
707 3445 761 3484 sua
784 3433 954 3498 compotum
978 3427 1117 3504 reddant,
1138 3427 1326 3500 coquinarius
1353 3447 1435 3492 vero

280 3551 281 3554 ,
380 3509 510 3582 qualibet
532 3509 721 3568 hebdomada.
767 3509 824 3566 Isti
842 3503 978 3578 officiales
1003 3511 1137 3582 quotiens
1162 3511 1241 3568 domi
1267 3511 1377 3568 fuerint
1394 3513 1426 3570 iu

379 3593 606 3668 congregatione
629 3595 744 3666 jugiter
767 3605 965 3664 permaneant,
989 3601 1019 3650 et
1043 3601 1218 3654 conventum
1241 3589 1430 3662 1111011111,Ι

375 3673 410 3732 'in
433 3679 570 3750 capitulo,
595 3679 627 3734 iu
650 3671 1016 3742 11111110,1111111010110
1043 3685 1213 3756 sequautur,
1233 3685 1266 3736 ut
1292 3679 1326 3746 si,
1348 3679 1425 3750 quod

379 3763 465 3828 absit,
492 3761 523 3816 in
548 3761 650 3816 officiis
680 3763 743 3818 suis
769 3761 876 3832 aliquis
904 3763 1036 3822 detectus
1067 3761 1223 3824 emerserit
1250 3762 1296 3820 illi
1324 3755 1431 3822 statim

223 3865 224 3868 ¹
326 3899 327 3902 ,
379 3847 542 3918 suppleant.
587 3845 672 3900 Nulli
695 3845 753 3904 duc
779 3847 872 3904 officia
890 3847 1087 3926 assignentur,
1109 3847 1161 3906 sed
1180 3847 1303 3906 cuilibet
1321 3847 1422 3920 adjun-

378 3937 466 4012 gatur
485 3931 590 3998 socius,
611 3931 637 3986 si
655 3947 728 4000 opus
741 3931 840 3996 fuerit,
861 3931 999 3988 solatium
1017 3937 1047 4006 et
1064 3933 1149 3988 testis
1162 4003 1163 4006 Ἰ
1175 3931 1337 4004 diligentiae
1351 3951 1420 3988 suae.

379 4015 411 4070 Si
429 4033 498 4072 vero
525 4015 558 4072 in
584 4014 683 4084 aliquo
707 4013 821 4072 cfficio³
836 4021 955 4086 propter
975 4015 1116 4088 temporis
1142 4009 1286 4074 malitiam
1310 4015 1422 4090 aliquid

377 4099 456 4158 ultra
474 4099 606 4172 redditus
620 4099 709 4156 officio
721 4097 768 4154 illi
779 4097 940 4170 assignatos
953 4117 1112 4172 expensum
1130 4101 1228 4166 fuerit,
1243 4101 1269 4162 si
1280 4099 1312 4156 in
1323 4099 1421 4172 aliquo

377 4183 433 4240 alio
452 4183 543 4240 officio
562 4183 674 4254 aliquid
691 4183 782 4240 fuerit
797 4183 958 4256 residuum,
987 4203 1039 4256 per
1057 4185 1132 4242 illird
1151 4181 1282 4246 defectus
1300 4185 1422 4244 alterius

410 4547 609 4610 ¹Pitancierins,
630 4551 686 4600 add.
700 4549 807 4614 August.
820 4551 870 4600 and
929 4559 932 4566 ’
955 4551 965 4582 ²
977 4551 1087 4618 ettonis]
1103 4567 1151 4606 om.
1163 4553 1224 4604 ibid.

376 4625 544 4678 Η111.3763.
876 4667 877 4670 ¹
954 4631 1027 4690 ³su0,
1040 4633 1095 4682 add.
1108 4633 1169 4684 ibid.
1277 4677 1280 4682 ,
