3300 5666
100 3575 104 3590 q
203 3509 265 3588 Qui
288 3511 378 3596 prior
401 3515 434 3574 et
457 3509 598 3584 decanus
624 3509 736 3574 suita
758 3531 832 3596 rege
857 3509 1011 3574 Onutone
1041 3511 1074 3572 et
1102 3511 1143 3574 ab
1173 3509 1246 3574 aliis

419 781 618 830 011110111οΟ11
641 783 797 830 assurin
821 783 866 830 nn
890 781 1059 830 nvnsmuu.
1217 775 1259 836 83

216 987 308 1052 passa
333 987 399 1030 non
425 969 484 1042 est,
508 965 553 1030 sio
569 971 613 1030 ,et
636 967 705 1050 ejus
724 965 801 1050 jura
832 973 865 1032 et
883 967 968 1052 juris
998 969 1257 1034 confirmationes
1311 973 1394 1026 Ans

215 1069 255 1134 ad
278 1067 421 1152 ejusdem
459 1067 611 1134 ecelesiae¹
633 1069 893 1136 reibrmationenr
934 1067 1035 1134 illaesa
1067 1091 1257 1134 conservare

215 1173 348 1258 dignata
373 1179 431 1238 est.
493 1173 552 1236 Vir
574 1193 651 1238 vero
674 1175 818 1258 prudens
841 1171 1042 1236 AEluuardus
1064 1173 1173 1252 abbas,
1199 1171 1390 1260 quiAElfuard

212 1269 312 1342 etiarn
343 1273 403 1340 sub
439 1273 590 1338 Onutone
625 1293 698 1358 rege
734 1273 973 1342 Loudoniensis
1009 1271 1154 1336 eoelesiae
1188 1273 1254 1356 epi-
1268 1247 1399 1374 {fffffi

212 1397 327 1460 scopus
344 1375 475 1440 effeetus
495 1379 552 1452 est,
570 1397 638 1440 non
653 1379 765 1438 tamen
786 1373 884 1458 hujus
907 1375 969 1438 looi
984 1373 1255 1460 gubernationem
1267 1377 1393 1442 london(
1408 1417 1413 1428 .

211 1477 369 1556 deserens
392 1475 561 1556 laboriose,
587 1475 690 1540 veluti
712 1475 843 1560 praefati
874 1499 993 1556 sumus,
1018 1499 1129 1540 omnes
1151 1479 1255 1540 terras
1267 1447 1328 1563 a?
1323 1449 1422 1562 gelmi)
1492 1525 1495 1532 »

210 1585 286 1644 ante
308 1577 438 1644 habitas
461 1579 635 1658 revocavit,
659 1581 693 1642 et
714 1577 952 1642 Bradewellam
975 1601 1033 1664 pro
1057 1599 1116 1642 sex
1138 1579 1255 1642 mareis
1268 1581 1333 1630 taius
1343 1577 1383 1628 his
1472 1623 1473 1626 ,

198 1675 282 1746 'auri
302 1681 441 1748 redemit
472 1703 491 1744 a
523 1681 761 1768 consanguineo
796 1701 854 1746 suo
886 1703 959 1766 rege
984 1679 1143 1748 Onutone.
1190 1679 1255 1760 Qui
1268 1648 1372 1766 {ffl

209 1805 267 1846 rex
290 1781 445 1868 reliquias
468 1781 556 1846 beati
580 1781 725 1846 Wistani
753 1787 787 1846 et
814 1781 945 1868 nigram
973 1783 1117 1846 casulam
1141 1783 1256 1846 melio·
1269 1781 1339 1858 gives
1351 1783 1392 1832 the

209 1907 277 1946 rem
299 1907 372 1948 oum
395 1883 468 1948 aliis
503 1885 703 1948 ornamentis
733 1885 872 1948 adeam
905 1883 1149 1970 pertinentibus
1180 1885 1256 1948 huie
1269 1847 1419 1964 ffissftff'

208 1985 345 2050 eeclesiae
390 1987 538 2066 eontulit.
608 1987 677 2050 Iste
712 1985 813 2050 etiam
858 2007 920 2050 rex
958 1985 1051 2050 dedit
1089 1985 1164 2052 huie
1203 2009 1252 2052 eo·
1268 1981 1309 2030 the
1320 1982 1406 2048 abbey,

209 2087 311 2158 elesiae
335 2089 481 2152 Baddebi
515 2093 561 2158 et,
579 2087 614 2150 N
615 2089 759 2152 eueham.
817 2087 910 2152 Idem
940 2111 1018 2152 vero
1042 2089 1252 2154 AEiluuardus
1265 2117 1387 2168 AElfward

208 2189 373 2276 episcopus
408 2195 441 2254 et
473 2191 573 2254 abbas
607 2189 827 2254 sanctissimas
850 2189 990 2276 eorporis
1012 2189 1166 2276 reliquias
1187 2187 1397 2300 fereplqrehqses

209 2311 318 2354 omnes
340 2291 427 2356 beati
446 2283 558 2356 (ldulfi
581 2291 772 2356 confessoris
794 2315 814 2354 a
836 2291 1071 2356 mercatoribus
1095 2313 1149 2354 eas
1166 2293 1251 2356 Lon·
1264 2253 1416 2370 lfesrilffffifl

207 2393 318 2456 donias
341 2393 549 2478 portantibus
584 2383 744 2456 mercatus
777 2397 826 2456 est
859 2393 959 2478 digno
983 2393 1098 2478 pretio,
1137 2393 1171 2456 id
1195 2399 1251 2472 est,

207 2499 337 2558 centum
359 2495 482 2574 marcis,
507 2499 605 2580 atque
640 2495 681 2558 ad
714 2495 815 2558 istum
850 2495 956 2558 loourn
980 2515 1076 2578 quem
1108 2495 1252 2560 maxime

205 2595 365 2660 dilexerat
388 2597 578 2674 transmisit,
611 2595 821 2658 laudabiliter
853 2597 1063 2660 reservandas
1097 2595 1149 2660 hio
1180 2619 1251 2682 per·
1314 2667 1317 2672 ,

205 2701 309 2782 petuo
346 2697 461 2762 Libros
479 2699 578 2762 etiam
601 2695 759 2782 plurimos
781 2699 850 2760 tam
874 2697 1002 2762 divinos
1025 2717 1122 2782 quam
1144 2711 1251 2782 gram·

205 2799 337 2864 matioos
371 2799 411 2862 de
444 2799 614 2864 bondonia
647 2797 850 2866 transmisit„
898 2799 967 2864 Iste
1000 2799 1101 2864 etiam
1139 2799 1249 2878 abbas,

204 2905 375 2986 postquam
413 2899 567 2974 Aldulfirs
605 2901 772 2986 episeopus
810 2899 988 2986 Wigomiae
1026 2901 1109 2966 hano
1151 2901 1250 2964 abba-

203 3003 283 3066 tiam
314 3001 376 3066 sibi
401 3009 434 3068 et
458 3001 692 3068 suecessoribus
719 3001 786 3066 suis
817 3001 1008 3086 subjecerat,
1038 3003 1162 3088 primus
1192 3003 1249 3066 ab-
1261 3025 1386 3088 Appoints

203 3103 315 3168 batum
338 3103 375 3166 in
390 3103 574 3168 libertatem
590 3103 813 3188 proclamavit,
836 3109 870 3168 et
893 3105 928 3166 111
950 3101 1083 3168 tantum
1103 3103 1248 3170 obtinuit
1260 3093 1383 3208 ffim}
1409 3119 1411 3126 ⁴

203 3205 289 3290 quod
311 3203 531 3268 venerabilem
554 3203 662 3268 virum
686 3203 839 3268 Aritium
866 3203 977 3286 hujus·
995 3203 1136 3268 eeclesiae
1162 3173 1413 3290 prioeuethildein

202 3327 267 3370 rem
306 3305 463 3370 decanum
485 3305 760 3380 Christianitatis
793 3305 895 3370 totius
929 3305 1026 3368 vallis
1064 3305 1245 3386 constituit,
1259 3287 1402 3404 {jfliffhsslti'

202 3431 294 3494 quam
320 3431 489 3494 nunquam
506 3407 700 3472 ‘libertatem
731 3405 863 3472 eeclesia
893 3407 960 3472 ista
986 3411 1100 3492 postea
1124 3407 1244 3474 amisit.
1259 3421 1396 3536 qquqqfley

200 3611 399 3698 principibus
432 3611 530 3696 hujus
565 3611 681 3696 patria
713 3611 864 3698 plurima
901 3609 999 3674 valde
1037 3611 1177 3676 directus
1211 3619 1245 3678 a
1259 3551 1337 3602 siam·

169 3725 171 3728 ’
201 3713 374 3778 honoratus
397 3737 456 3800 pro
479 3733 538 3778 sua
560 3713 747 3778 sanctitate.
795 3713 862 3778 lste
886 3713 975 3800 prior
999 3713 1089 3798 quasi
1116 3735 1157 3778 ex
1187 3737 1245 3800 pa-

200 3819 292 3878 terna
315 3815 495 3880 hereditate
519 3815 600 3878 duas
625 3815 718 3878 villas
735 3815 885 3880 Baddebi
914 3823 948 3880 et
974 3813 1146 3880 Neueham
1169 3815 1245 3880 huio

199 3921 318 3982 sanotae
340 3915 481 3982 ecelesiae
497 3917 651 3980 reddidit.
694 3915 767 3980 Hoo
790 3917 878 3982 idem
899 3915 978 3980 feeit
994 3923 1108 4002 postea
1128 3917 1243 3982 beatus

202 4017 321 4084 Wlsius
346 4041 447 4104 quum
470 4025 620 4104 parentes
636 4019 687 4082 sui
707 4019 837 4084 easdem
860 4017 955 4082 villas
977 4019 1097 4084 iterum
1120 4019 1242 4104 injuste

200 4123 407 4206 occupassent
414 4143 422 4200 3
446 4121 485 4184 de
509 4141 576 4184 una
597 4121 685 4184 enim
708 4127 802 4184 erant
823 4121 999 4206 parentela.
1046 4121 1127 4204 Ejus
1142 4121 1242 4184 etiam
1312 4151 1314 4154 ·

199 4219 333 4288 hortatu
356 4221 531 4286 Leoffrious
554 4243 660 4304 eomes
683 4227 716 4286 et
734 4221 884 4308 Godgiva
906 4223 1077 4302 eomitissa,
1102 4223 1241 4308 eoquod

198 4329 288 4408 pater
304 4327 375 4386 erat
391 4323 629 4398 confessionum
653 4345 794 4402 suarum,
812 4307 1065 4408 prudentissime
1080 4325 1239 4388 mundum

198 4423 232 4486 in
254 4423 404 4508 plurimis
427 4431 623 4510 spementes‚
647 4425 858 4508 eleemosynis
884 4427 918 4488 et
949 4423 1153 4488 orationibus
1169 4425 1242 4488 dili-

197 4527 309 4608 genter
330 4525 506 4602 iustantes,'
520 4523 750 4588 Ooventreiam
773 4523 941 4588 abbatiam
955 4523 1137 4608 ‘pluresque
1160 4527 1241 4590 alias

197 4625 342 4688 eeclesias
374 4645 432 4708 pro
464 4631 573 4688 amore
603 4625 667 4688 Dei
689 4625 825 4710 gloriose
840 4623 1063 4702 011110011100,Ι
1080 4627 1176 4688 terris
1207 4633 1241 4688 et

197 4725 450 4810 possessionibus
477 4729 511 4788 et
534 4725 684 4810 plurrmrs
708 4723 861 4788 ditabant
892 4725 1092 4790 ornamentis
1125 4727 1241 4788 hones-

1041 4841 1062 4886 1
1085 4829 1107 4886 2

1273 1043 1420 1094 rore-1035.
1500 1107 1501 1112 ἵ
