3308 5666
319 803 321 810 .
398 747 467 812 ‘³230
601 757 799 812 cusomcor
822 753 979 840 assurin
1001 751 1054 810 un·
1071 753 1246 810 evasum.-

252 1091 373 1212 wffia
417 1107 433 1158 ὴ
663 1085 798 1150 Iseum
821 1085 1188 1164 Pannonicorum.

402 1281 452 1348 De
467 1279 697 1366 multiplicato
719 1275 906 1378 tyrouota'de
932 1277 1061 1344 attactu
1082 1287 1113 1346 at
1136 1247 1297 1364 sapienta
1319 1277 1446 1364 uepres*

712 1377 806 1446 moue
828 1387 1011 1446 concentus
1034 1379 1075 1446 ab
1091 1403 1134 1446 eo.
1226 1377 1230 1386 '

238 1559 363 1612 Reneweu
447 1521 545 1594 Nunc
575 1529 687 1614 itaque
717 1529 760 1592 ad
789 1529 855 1592 alia
886 1529 976 1594 circo
1001 1533 1127 1594 statum
1155 1527 1296 1594 ecclesiae
1325 1534 1447 1594 nostrae

165 1659 166 1662 ¹
236 1633 349 1746 ffassffi
358 1629 389 1678 of
402 1633 582 1718 procedam,
606 1636 642 1696 ut
673 1631 799 1696 discant
830 1653 1027 1696 successores
1056 1629 1162 1710 nostri
1193 1631 1277 1696 siout
1302 1629 1344 1694 'in
1366 1653 1448 1716 prae-

236 1703 391 1812 whejsshcffi„
403 1735 509 1800 missis
531 1735 635 1800 itaet
657 1733 693 1796 in
715 1733 789 1798 aliis
812 1733 949 1802 adversa
971 1735 1142 1812 sustinere,
1159 1733 1269 1818 qualia
1288 1755 1348 1798 nos
1366 1737 1448 1798 tem-

236 1827 318 1878 tinuae
403 1825 537 1924 poribus
551 1837 672 1902 nostris
688 1857 746 1922 pro
761 1837 903 1900 veritate
925 1841 969 1918 et
982 1837 1116 1908 ecelesia
1137 1835 1203 1902 ista
1225 1835 1453 1920 sustinuimus

136 2011 137 2014 Ἴ
236 1909 326 2026 ξιῗηέ
404 1939 515 2026 Igitur
529 1927 658 2004 mortuo
674 1939 832 2024 magistro
843 1937 968 2004 Thema
983 1939 1023 2006 de
1035 1939 1070 2004 N
1071 1937 1234 2026 orthwioh
1249 1943 1283 2004 et
1292 1939 1448 2026 magistro
1483 2021 1488 2026 .

403 2043 479 2106 ada
494 2041 588 2106 Sorte
613 2045 732 2118 amoto,
757 2045 791 2106 et
813 2041 923 2126 regno,
940 2048 977 2107 ut
1007 2043 1204 2128 praedictum
1235 2047 1293 2118 est,
1315 2046 1448 2126 propter

401 2143 678 2234 consecrationem
709 2137 941 2230 archiepiscopi
970 2145 1116 2222 turbato,
1138 2143 1239 2208 abbas
1271 2149 1383 2208 noster
1405 2145 1448 2208 ad

403 2247 567 2310 vomitum
593 2265 741 2310 reversus
764 2259 965 2336 quaecunque
989 2247 1121 2310 volebat
1143 2245 1248 2326 veluti
1277 2250 1317 2310 ut
1346 2247 1449 2310 nemi-

402 2371 479 2414 nem
512 2347 632 2412 timens
665 2347 817 2428 faciebat,
840 2353 874 2414 et
905 2349 994 2412 faeta
1027 2355 1107 2436 sunt
1137 2347 1317 2412 novissima
1337 2353 1450 2412 nostra

402 2449 513 2538 pejora
543 2451 694 2514 omnibus
723 2451 894 2536 prioribus.
956 2451 1026 2516 Nos
1057 2471 1135 2514 vero
1175 2449 1216 2514 de
1254 2451 1451 2516 necessitate

402 2553 558 2618 facientes
583 2553 743 2642 virtutem
773 2553 856 2616 oolla
881 2549 962 2640 jugo
980 2553 1213 2634 submisimus
1232 2557 1266 2616 et
1298 2553 1449 2618 videntes

392 2655 492 2742 'quod
514 2677 582 2720 non
604 2661 676 2722 erat
699 2655 757 2740 qui
779 2653 876 2720 nobis
901 2655 1071 2742 justitiam
1094 2655 1264 2720 exhiberet
1287 2659 1449 2740 quantum

401 2757 545 2822 humana
567 2757 729 2844 fragilitas
751 2757 967 2842 permittebat
990 2751 1156 2844 patienter
1179 2779 1291 2824 omnes
1313 2755 1464 2844 iujurias

400 2859 495 2934 nobis
524 2859 567 2922 ab
598 2859 718 2952 abbate
748 2859 868 2936 illatas,
891 2851 980 2944 quas
996 2859 1227 2924 difficiliimmn
1249 2865 1334 2926 esset
1368 2879 1449 2924 enu-

305 2947 322 2970 “’
401 2983 534 3042 merare,
556 2961 626 3024 sive
647 2961 795 3048 volentes
818 2961 888 3024 sive
910 2959 1059 3026 nolentes
1085 2961 1310 3040 sustinuimus,
1334 2967 1368 3028 et
1391 2961 1449 3026 ha-

401 3065 516 3130 bentes
537 3061 693 3144 fiduciam
722 3063 759 3126 iu
782 3063 926 3128 Domino
957 3063 1113 3150 speciales
1136 3063 1285 3148 quotidie
1314 3063 1449 3128 fecimus

308 3205 309 3208 =
401 3165 564 3230 orationes
587 3170 625 3229 ut
647 3165 836 3252 mitteretur
857 3167 953 3230 nobis
976 3165 1138 3238 auxilium
1161 3165 1201 3232 de
1223 3165 1312 3234 coelo.

402 3495 453 3560 De
484 3491 633 3558 adveatu
666 3477 804 3558 domist
834 3491 996 3558 Nictotaa'
1030 3491 1131 3578 teyota'
1157 3491 1200 3572 iu
1226 3467 1397 3578 moytiam
1419 3503 1450 3560 ct

491 3597 734 3664 Romanor-oa
757 3593 965 3660 creditorum
989 3593 1219 3674 Ecastomica'
1235 3603 1265 3660 ct
1287 3597 1448 3682 coapost-

491 3697 584 3764 ta'oue
607 3697 704 3784 fucta
725 3697 873 3762 cumeis
891 3719 954 3784 pec
980 3699 1141 3764 Theseum
1159 3697 1373 3776 monachum.
1430 3739 1431 3742 =

238 3873 390 3922 A.D.1213.
447 3847 590 3912 Tandem
626 3869 727 3934 quum
757 3869 815 3934 per
844 3849 1052 3934 septennium
1082 3847 1227 3914 infame
1253 3833 1291 3912 et
1318 3849 1381 3928 siti,
1413 3851 1449 3914 in
1509 3927 1511 3930 Ι

168 3969 212 4088 μ(
237 3939 342 4066 affl
402 3951 523 4038 frigore
555 3954 588 4014 et
620 3949 781 4026 nuditate,
810 3953 940 4014 tantam
972 3951 1238 4032 sustinuissemus
1271 3953 1446 4036 penuriam,

116 4071 171 4160 ὢν
237 4071 360 4122 Michaol-
402 4053 555 4118 misertus
579 4057 630 4118 est
657 4051 820 4116 Dominus
842 4051 984 4116 ecelesiae
1007 4053 1211 4140 Anglioauae,
1226 4059 1270 4132 et,
1289 4053 1449 4120 visitante

116 4137 129 4234 J
238 4137 462 4264 fflfflt'ssffi
486 4153 620 4218 Oriente
644 4175 686 4218 ex
708 4153 784 4230 alte,
807 4153 925 4218 missus
947 4159 998 4220 est
1025 4155 1062 4218 in
1085 4153 1241 4242 Angliam
1268 4179 1287 4218 a
1317 4155 1448 4226 domino

237 4269 370 4334 thelegate
402 4281 487 4344 papa
510 4255 661 4322 dominus
686 4255 865 4320 Nicholaus
883 4257 1133 4320 Tusculanensis
1156 4257 1332 4344 episeopus,
1357 4279 1449 4344 apos-

238 4335 381 4452 fffieo'ff‘
403 4361 512 4424 toiicae
547 4359 633 4424 sedis
664 4359 801 4444 legatus,
835 4359 900 4444 qui,
923 4359 1164 4446 archiepiscopo
1193 4359 1263 4444 jam
1286 4365 1447 4440 revocato,

237 4469 369 4548 meinter-
404 4461 552 4550 generale
582 4461 682 4524 solvit
711 4461 932 4526 interdictum.
978 4461 1151 4526 Venemmt
1181 4461 1280 4524 etiam
1307 4461 1448 4526 Romani
1520 4525 1522 4534 ,

239 4551 357 4676 TieRe
404 4553 714 4640 creditores'nostri,
747 4563 804 4648 qui
834 4563 991 4648 petebant
1022 4587 1041 4626 a
1070 4563 1164 4628 nobis
1196 4563 1449 4650 quadringentas

236 4689 386 4756 mmai.
403 4685 528 4730 mareas
549 4665 682 4730 nomine
704 4665 809 4742 sortis,
833 4665 1058 4756 septingentas
1079 4689 1156 4734 vero
1179 4667 1312 4736 nemine
1334 4689 1448 4758 poena-
