<?xml version="1.0" encoding="UTF-8"?>
<!DOCTYPE html PUBLIC "-//W3C//DTD XHTML 1.0 Transitional//EN"
    "http://www.w3.org/TR/xhtml1/DTD/xhtml1-transitional.dtd">
<html xmlns="http://www.w3.org/1999/xhtml" xml:lang="en" lang="en">
 <head>
  <title>
</title>
<meta http-equiv="Content-Type" content="text/html;charset=utf-8" />
  <meta name='ocr-system' content='tesseract 3.04.00' />
  <meta name='ocr-capabilities' content='ocr_page ocr_carea ocr_par ocr_line ocrx_word'/>
</head>
<body>
  <div class='ocr_page' id='page_1' title='image "./chroniconabbati01marlgoog/chroniconabbati01marlgoog_0362.png"; bbox 0 0 3308 5666; ppageno 0'>
   <div class='ocr_carea' id='block_1_1' title="bbox 359 669 1263 764">
    <p class='ocr_par' dir='ltr' id='par_1_1' title="bbox 359 669 1263 764">
     <span class='ocr_line' id='line_1_1' title="bbox 359 669 1263 764; baseline 0.004 -32"><span class='ocrx_word' id='word_1_1' title='bbox 359 715 360 718; x_wconf 14' lang='grc' dir='ltr'>η</span> <span class='ocrx_word' id='word_1_2' title='bbox 401 669 491 732; x_wconf 79' lang='lat'><strong>-304</strong></span> <span class='ocrx_word' id='word_1_3' title='bbox 548 747 549 750; x_wconf 8' lang='grc' dir='ltr'><strong>Ἴ</strong></span> <span class='ocrx_word' id='word_1_4' title='bbox 625 687 824 738; x_wconf 70' lang='lat' dir='ltr'>penemeos</span> <span class='ocrx_word' id='word_1_5' title='bbox 845 685 1003 736; x_wconf 70' lang='lat' dir='ltr'>inermis</span> <span class='ocrx_word' id='word_1_6' title='bbox 1026 687 1072 736; x_wconf 83' lang='lat' dir='ltr'>ns</span> <span class='ocrx_word' id='word_1_7' title='bbox 1094 687 1263 764; x_wconf 72' lang='lat' dir='ltr'>nunsula.</span> 
     </span>
    </p>
   </div>
   <div class='ocr_carea' id='block_1_2' title="bbox 131 871 1522 4234">
    <p class='ocr_par' dir='ltr' id='par_1_2' title="bbox 131 871 1522 4234">
     <span class='ocr_line' id='line_1_2' title="bbox 131 871 1520 962; baseline 0 -28"><span class='ocrx_word' id='word_1_8' title='bbox 131 895 132 898; x_wconf 79' lang='lat'>¹</span> <span class='ocrx_word' id='word_1_9' title='bbox 180 937 181 940; x_wconf 62' lang='grc'>,</span> <span class='ocrx_word' id='word_1_10' title='bbox 302 885 369 936; x_wconf 75' lang='lat' dir='ltr'>An.</span> <span class='ocrx_word' id='word_1_11' title='bbox 424 871 564 958; x_wconf 84' lang='lat' dir='ltr'>eligitur.</span> <span class='ocrx_word' id='word_1_12' title='bbox 603 875 737 940; x_wconf 82' lang='lat' dir='ltr'>¹Deinde</span> <span class='ocrx_word' id='word_1_13' title='bbox 759 893 869 958; x_wconf 83' lang='lat' dir='ltr'>arege</span> <span class='ocrx_word' id='word_1_14' title='bbox 884 871 1041 958; x_wconf 76' lang='lat' dir='ltr'>redeptus,</span> <span class='ocrx_word' id='word_1_15' title='bbox 1057 873 1235 962; x_wconf 86' lang='lat' dir='ltr'>seeundum</span> <span class='ocrx_word' id='word_1_16' title='bbox 1251 873 1337 958; x_wconf 92' lang='lat' dir='ltr'>quod</span> <span class='ocrx_word' id='word_1_17' title='bbox 1353 883 1463 940; x_wconf 90' lang='lat' dir='ltr'>eorum</span> <span class='ocrx_word' id='word_1_18' title='bbox 1519 947 1520 950; x_wconf 8' lang='grc' dir='ltr'><strong>Ἴ</strong></span> 
     </span>
     <span class='ocr_line' id='line_1_3' title="bbox 262 955 1464 1064; baseline 0.002 -28"><span class='ocrx_word' id='word_1_19' title='bbox 262 955 542 1040; x_wconf 63' lang='lat' dir='ltr'>13⁷9al²¹¹³·volunt</span> <span class='ocrx_word' id='word_1_20' title='bbox 562 975 735 1062; x_wconf 83' lang='lat' dir='ltr'>privilegia</span> <span class='ocrx_word' id='word_1_21' title='bbox 756 997 777 1040; x_wconf 88' lang='lat' dir='ltr'>a</span> <span class='ocrx_word' id='word_1_22' title='bbox 799 973 930 1040; x_wconf 91' lang='lat' dir='ltr'>domino</span> <span class='ocrx_word' id='word_1_23' title='bbox 954 973 1171 1042; x_wconf 88' lang='lat' dir='ltr'>Lineolniensi</span> <span class='ocrx_word' id='word_1_24' title='bbox 1195 975 1345 1060; x_wconf 86' lang='lat' dir='ltr'>episeopo</span> <span class='ocrx_word' id='word_1_25' title='bbox 1377 973 1464 1064; x_wconf 89' lang='lat' dir='ltr'>apud</span> 
     </span>
     <span class='ocr_line' id='line_1_4' title="bbox 254 1069 1463 1164; baseline 0 -24"><span class='ocrx_word' id='word_1_26' title='bbox 254 1149 255 1152; x_wconf 8' lang='grc' dir='ltr'><strong>Ἴ</strong></span> <span class='ocrx_word' id='word_1_27' title='bbox 424 1075 649 1144; x_wconf 86' lang='lat' dir='ltr'>Londoniam1</span> <span class='ocrx_word' id='word_1_28' title='bbox 688 1087 809 1142; x_wconf 89' lang='lat' dir='ltr'>munus</span> <span class='ocrx_word' id='word_1_29' title='bbox 846 1075 1084 1156; x_wconf 75' lang='lat' dir='ltr'>benedictionis</span> <span class='ocrx_word' id='word_1_30' title='bbox 1110 1079 1253 1164; x_wconf 75' lang='lat' dir='ltr'>aceepit,</span> <span class='ocrx_word' id='word_1_31' title='bbox 1291 1069 1328 1142; x_wconf 86' lang='lat' dir='ltr'>aa</span> <span class='ocrx_word' id='word_1_32' title='bbox 1365 1079 1463 1144; x_wconf 89' lang='lat' dir='ltr'>etiam</span> 
     </span>
     <span class='ocr_line' id='line_1_5' title="bbox 257 1177 1507 1268; baseline 0.002 -26"><span class='ocrx_word' id='word_1_33' title='bbox 257 1181 378 1244; x_wconf 71' lang='lat' dir='ltr'>quenes</span> <span class='ocrx_word' id='word_1_34' title='bbox 422 1185 657 1268; x_wconf 70' lang='lat' dir='ltr'><strong>consequenter</strong></span> <span class='ocrx_word' id='word_1_35' title='bbox 679 1179 717 1250; x_wconf 94' lang='lat' dir='ltr'>in</span> <span class='ocrx_word' id='word_1_36' title='bbox 738 1179 853 1266; x_wconf 86' lang='lat' dir='ltr'>vigilia</span> <span class='ocrx_word' id='word_1_37' title='bbox 869 1177 1000 1244; x_wconf 88' lang='lat' dir='ltr'>Natalis</span> <span class='ocrx_word' id='word_1_38' title='bbox 1016 1179 1152 1252; x_wconf 81' lang='lat' dir='ltr'>Domini</span> <span class='ocrx_word' id='word_1_39' title='bbox 1174 1181 1211 1244; x_wconf 90' lang='lat' dir='ltr'>in</span> <span class='ocrx_word' id='word_1_40' title='bbox 1227 1179 1462 1246; x_wconf 78' lang='lat' dir='ltr'>Evesbamensi</span> <span class='ocrx_word' id='word_1_41' title='bbox 1505 1193 1507 1256; x_wconf 81' lang='lat' dir='ltr'>j</span> 
     </span>
     <span class='ocr_line' id='line_1_6' title="bbox 258 1261 1464 1348; baseline 0 -2"><span class='ocrx_word' id='word_1_42' title='bbox 258 1261 365 1312; x_wconf 46' lang='grc' dir='ltr'>Ἄθω·</span> <span class='ocrx_word' id='word_1_43' title='bbox 422 1283 619 1348; x_wconf 90' lang='lat' dir='ltr'>monasterio</span> <span class='ocrx_word' id='word_1_44' title='bbox 641 1279 817 1348; x_wconf 79' lang='lat' dir='ltr'>honorifice</span> <span class='ocrx_word' id='word_1_45' title='bbox 839 1281 1036 1348; x_wconf 71' lang='lat' dir='ltr'>installetur.</span> <span class='ocrx_word' id='word_1_46' title='bbox 1084 1283 1153 1348; x_wconf 90' lang='lat' dir='ltr'>Iste</span> <span class='ocrx_word' id='word_1_47' title='bbox 1169 1269 1270 1348; x_wconf 87' lang='lat' dir='ltr'>abbas</span> <span class='ocrx_word' id='word_1_48' title='bbox 1286 1281 1464 1346; x_wconf 79' lang='lat' dir='ltr'>aedifieavit</span> 
     </span>
     <span class='ocr_line' id='line_1_7' title="bbox 375 1371 1468 1474; baseline 0 -26"><span class='ocrx_word' id='word_1_49' title='bbox 375 1407 381 1422; x_wconf 58' lang='lat'>2</span> <span class='ocrx_word' id='word_1_50' title='bbox 422 1383 462 1458; x_wconf 88' lang='lat' dir='ltr'>de</span> <span class='ocrx_word' id='word_1_51' title='bbox 477 1407 564 1450; x_wconf 92' lang='lat' dir='ltr'>novo</span> <span class='ocrx_word' id='word_1_52' title='bbox 585 1387 756 1472; x_wconf 78' lang='lat' dir='ltr'>grangiam</span> <span class='ocrx_word' id='word_1_53' title='bbox 772 1371 961 1450; x_wconf 80' lang='lat' dir='ltr'><strong>decimalem</strong></span> <span class='ocrx_word' id='word_1_54' title='bbox 972 1385 1017 1450; x_wconf 85' lang='lat' dir='ltr'>¹de</span> <span class='ocrx_word' id='word_1_55' title='bbox 1033 1371 1238 1472; x_wconf 84' lang='lat' dir='ltr'>Wykewone</span> <span class='ocrx_word' id='word_1_56' title='bbox 1256 1383 1468 1474; x_wconf 68' lang='lat' dir='ltr'>juxtaviva</span> 
     </span>
     <span class='ocr_line' id='line_1_8' title="bbox 422 1487 1464 1574; baseline 0 -24"><span class='ocrx_word' id='word_1_57' title='bbox 422 1489 509 1550; x_wconf 85' lang='lat' dir='ltr'>rium</span> <span class='ocrx_word' id='word_1_58' title='bbox 529 1487 674 1566; x_wconf 91' lang='lat' dir='ltr'>ibidem;</span> <span class='ocrx_word' id='word_1_59' title='bbox 696 1491 818 1572; x_wconf 85' lang='lat' dir='ltr'>postea,</span> <span class='ocrx_word' id='word_1_60' title='bbox 828 1507 984 1572; x_wconf 12' lang='lat' dir='ltr'>uprooessu</span> <span class='ocrx_word' id='word_1_61' title='bbox 1006 1487 1179 1574; x_wconf 74' lang='lat' dir='ltr'>temporis</span> <span class='ocrx_word' id='word_1_62' title='bbox 1193 1507 1346 1570; x_wconf 78' lang='lat' dir='ltr'>magnam</span> <span class='ocrx_word' id='word_1_63' title='bbox 1367 1507 1464 1572; x_wconf 83' lang='lat' dir='ltr'>gran·</span> 
     </span>
     <span class='ocr_line' id='line_1_9' title="bbox 293 1585 1465 1674; baseline -0.002 -20"><span class='ocrx_word' id='word_1_64' title='bbox 293 1599 295 1602; x_wconf 82' lang='grc'><strong>’</strong></span> <span class='ocrx_word' id='word_1_65' title='bbox 421 1591 509 1674; x_wconf 79' lang='lat' dir='ltr'>giam</span> <span class='ocrx_word' id='word_1_66' title='bbox 532 1587 676 1674; x_wconf 90' lang='lat' dir='ltr'>ejusdem</span> <span class='ocrx_word' id='word_1_67' title='bbox 700 1587 797 1654; x_wconf 85' lang='lat' dir='ltr'>euriae</span> <span class='ocrx_word' id='word_1_68' title='bbox 820 1609 893 1652; x_wconf 87' lang='lat' dir='ltr'>eum</span> <span class='ocrx_word' id='word_1_69' title='bbox 915 1589 1045 1674; x_wconf 91' lang='lat' dir='ltr'>bostare</span> <span class='ocrx_word' id='word_1_70' title='bbox 1067 1589 1195 1674; x_wconf 80' lang='lat' dir='ltr'>magnis</span> <span class='ocrx_word' id='word_1_71' title='bbox 1218 1585 1402 1672; x_wconf 81' lang='lat' dir='ltr'>sumptibus</span> <span class='ocrx_word' id='word_1_72' title='bbox 1425 1587 1465 1652; x_wconf 91' lang='lat' dir='ltr'>de</span> 
     </span>
     <span class='ocr_line' id='line_1_10' title="bbox 294 1679 1468 1778; baseline 0.002 -24"><span class='ocrx_word' id='word_1_73' title='bbox 294 1773 297 1778; x_wconf 15' lang='grc' dir='ltr'>ἱ</span> <span class='ocrx_word' id='word_1_74' title='bbox 421 1713 507 1756; x_wconf 92' lang='lat' dir='ltr'>novo</span> <span class='ocrx_word' id='word_1_75' title='bbox 541 1693 725 1758; x_wconf 79' lang='lat' dir='ltr'>aedificavit.</span> <span class='ocrx_word' id='word_1_76' title='bbox 782 1689 939 1756; x_wconf 86' lang='lat' dir='ltr'>Similiter</span> <span class='ocrx_word' id='word_1_77' title='bbox 964 1679 1191 1756; x_wconf 53' lang='lat' dir='ltr'>&#39;incontinenti</span> <span class='ocrx_word' id='word_1_78' title='bbox 1225 1697 1299 1778; x_wconf 87' lang='lat' dir='ltr'>post</span> <span class='ocrx_word' id='word_1_79' title='bbox 1333 1689 1401 1756; x_wconf 73' lang='lat' dir='ltr'>haee</span> <span class='ocrx_word' id='word_1_80' title='bbox 1431 1697 1468 1756; x_wconf 72' lang='lat' dir='ltr'>et&#39;</span> 
     </span>
     <span class='ocr_line' id='line_1_11' title="bbox 242 1779 1463 1880; baseline -0.002 -22"><span class='ocrx_word' id='word_1_81' title='bbox 242 1861 256 1872; x_wconf 74' lang='grc'><strong><em>,</em></strong></span> <span class='ocrx_word' id='word_1_82' title='bbox 422 1779 524 1880; x_wconf 87' lang='lat' dir='ltr'>quasi</span> <span class='ocrx_word' id='word_1_83' title='bbox 538 1795 575 1858; x_wconf 93' lang='lat' dir='ltr'>in</span> <span class='ocrx_word' id='word_1_84' title='bbox 596 1817 662 1860; x_wconf 92' lang='lat' dir='ltr'>uno</span> <span class='ocrx_word' id='word_1_85' title='bbox 696 1815 783 1858; x_wconf 90' lang='lat' dir='ltr'>anno</span> <span class='ocrx_word' id='word_1_86' title='bbox 810 1793 965 1858; x_wconf 83' lang='lat' dir='ltr'>aedifieari</span> <span class='ocrx_word' id='word_1_87' title='bbox 998 1793 1077 1860; x_wconf 87' lang='lat' dir='ltr'>feeit</span> <span class='ocrx_word' id='word_1_88' title='bbox 1107 1815 1260 1880; x_wconf 85' lang='lat' dir='ltr'>magnam</span> <span class='ocrx_word' id='word_1_89' title='bbox 1283 1793 1463 1878; x_wconf 80' lang='lat' dir='ltr'>grangiam</span> 
     </span>
     <span class='ocr_line' id='line_1_12' title="bbox 209 1887 1464 1988; baseline 0 -28"><span class='ocrx_word' id='word_1_90' title='bbox 209 1939 211 1944; x_wconf 34' lang='grc' dir='ltr'><em>ι</em></span> <span class='ocrx_word' id='word_1_91' title='bbox 282 1947 303 1962; x_wconf 72' lang='grc'>.,</span> <span class='ocrx_word' id='word_1_92' title='bbox 421 1897 460 1962; x_wconf 91' lang='lat' dir='ltr'>de</span> <span class='ocrx_word' id='word_1_93' title='bbox 483 1897 664 1982; x_wconf 83' lang='lat' dir='ltr'>Aldynton.</span> <span class='ocrx_word' id='word_1_94' title='bbox 711 1897 828 1962; x_wconf 77' lang='lat' dir='ltr'>Postea</span> <span class='ocrx_word' id='word_1_95' title='bbox 862 1887 1033 1960; x_wconf 86' lang='lat' dir='ltr'>dimidiam</span> <span class='ocrx_word' id='word_1_96' title='bbox 1047 1899 1184 1984; x_wconf 49' lang='lat' dir='ltr'>¹partem</span> <span class='ocrx_word' id='word_1_97' title='bbox 1211 1915 1345 1988; x_wconf 81' lang='lat' dir='ltr'>magnae</span> <span class='ocrx_word' id='word_1_98' title='bbox 1367 1917 1464 1982; x_wconf 74' lang='lat' dir='ltr'>gran7</span> 
     </span>
     <span class='ocr_line' id='line_1_13' title="bbox 419 1997 1464 2084; baseline 0 -22"><span class='ocrx_word' id='word_1_99' title='bbox 419 1999 483 2084; x_wconf 81' lang='lat' dir='ltr'>giae</span> <span class='ocrx_word' id='word_1_100' title='bbox 505 1999 545 2062; x_wconf 91' lang='lat' dir='ltr'>de</span> <span class='ocrx_word' id='word_1_101' title='bbox 567 1999 730 2062; x_wconf 84' lang='lat' dir='ltr'>Evesham</span> <span class='ocrx_word' id='word_1_102' title='bbox 761 1997 797 2060; x_wconf 92' lang='lat' dir='ltr'>in</span> <span class='ocrx_word' id='word_1_103' title='bbox 819 1997 963 2062; x_wconf 87' lang='lat' dir='ltr'>Bertona</span> <span class='ocrx_word' id='word_1_104' title='bbox 985 1999 1113 2084; x_wconf 81' lang='lat' dir='ltr'>magnis</span> <span class='ocrx_word' id='word_1_105' title='bbox 1136 1999 1293 2074; x_wconf 86' lang='lat' dir='ltr'>eustubus</span> <span class='ocrx_word' id='word_1_106' title='bbox 1316 1997 1356 2062; x_wconf 92' lang='lat' dir='ltr'>de</span> <span class='ocrx_word' id='word_1_107' title='bbox 1378 2019 1464 2062; x_wconf 91' lang='lat' dir='ltr'>novo</span> 
     </span>
     <span class='ocr_line' id='line_1_14' title="bbox 328 2095 1464 2198; baseline 0 -34"><span class='ocrx_word' id='word_1_108' title='bbox 328 2095 329 2098; x_wconf 50' lang='lat'>&#39;</span> <span class='ocrx_word' id='word_1_109' title='bbox 419 2101 574 2198; x_wconf 76' lang='lat' dir='ltr'>aedificari</span> <span class='ocrx_word' id='word_1_110' title='bbox 607 2101 693 2168; x_wconf 85' lang='lat' dir='ltr'>feeit.</span> <span class='ocrx_word' id='word_1_111' title='bbox 754 2099 841 2164; x_wconf 78' lang='lat' dir='ltr'>item</span> <span class='ocrx_word' id='word_1_112' title='bbox 874 2101 1052 2166; x_wconf 81' lang='lat' dir='ltr'>aedificavit</span> <span class='ocrx_word' id='word_1_113' title='bbox 1085 2101 1126 2166; x_wconf 92' lang='lat' dir='ltr'>de</span> <span class='ocrx_word' id='word_1_114' title='bbox 1158 2123 1243 2166; x_wconf 92' lang='lat' dir='ltr'>novo</span> <span class='ocrx_word' id='word_1_115' title='bbox 1278 2101 1386 2164; x_wconf 90' lang='lat' dir='ltr'>aulam</span> <span class='ocrx_word' id='word_1_116' title='bbox 1424 2101 1464 2164; x_wconf 92' lang='lat' dir='ltr'>de</span> 
     </span>
     <span class='ocr_line' id='line_1_15' title="bbox 356 2201 1463 2290; baseline 0 -24"><span class='ocrx_word' id='word_1_117' title='bbox 356 2225 357 2228; x_wconf 79' lang='lat'>¹</span> <span class='ocrx_word' id='word_1_118' title='bbox 421 2203 595 2268; x_wconf 82' lang='lat' dir='ltr'>Offenbam</span> <span class='ocrx_word' id='word_1_119' title='bbox 617 2203 770 2270; x_wconf 81' lang='lat' dir='ltr'>decenter</span> <span class='ocrx_word' id='word_1_120' title='bbox 803 2209 837 2268; x_wconf 90' lang='lat' dir='ltr'>et</span> <span class='ocrx_word' id='word_1_121' title='bbox 867 2207 1123 2290; x_wconf 86' lang='lat' dir='ltr'>sumptuoseut</span> <span class='ocrx_word' id='word_1_122' title='bbox 1153 2209 1246 2288; x_wconf 89' lang='lat' dir='ltr'>patet</span> <span class='ocrx_word' id='word_1_123' title='bbox 1267 2223 1325 2286; x_wconf 95' lang='lat' dir='ltr'>per</span> <span class='ocrx_word' id='word_1_124' title='bbox 1347 2201 1463 2280; x_wconf 87' lang='lat' dir='ltr'>visum,</span> 
     </span>
     <span class='ocr_line' id='line_1_16' title="bbox 419 2303 1461 2392; baseline -0.008 -16"><span class='ocrx_word' id='word_1_125' title='bbox 419 2325 494 2376; x_wconf 78' lang='lat' dir='ltr'>cum</span> <span class='ocrx_word' id='word_1_126' title='bbox 517 2305 546 2372; x_wconf 84' lang='lat' dir='ltr'>le</span> <span class='ocrx_word' id='word_1_127' title='bbox 569 2305 710 2392; x_wconf 80' lang='lat' dir='ltr'>eopbord</span> <span class='ocrx_word' id='word_1_128' title='bbox 740 2305 862 2370; x_wconf 86' lang='lat' dir='ltr'>ibidem</span> <span class='ocrx_word' id='word_1_129' title='bbox 886 2305 1056 2390; x_wconf 84' lang='lat' dir='ltr'>adjacente</span> <span class='ocrx_word' id='word_1_130' title='bbox 1088 2313 1121 2372; x_wconf 96' lang='lat' dir='ltr'>et</span> <span class='ocrx_word' id='word_1_131' title='bbox 1152 2305 1181 2370; x_wconf 85' lang='lat' dir='ltr'>le</span> <span class='ocrx_word' id='word_1_132' title='bbox 1198 2303 1461 2392; x_wconf 80' lang='lat' dir='ltr'>parler-ibidem</span> 
     </span>
     <span class='ocr_line' id='line_1_17' title="bbox 321 2407 1464 2494; baseline -0.002 -22"><span class='ocrx_word' id='word_1_133' title='bbox 321 2431 322 2434; x_wconf 79' lang='lat'>¹</span> <span class='ocrx_word' id='word_1_134' title='bbox 419 2407 583 2482; x_wconf 14' lang='lat' dir='ltr'>expaltera</span> <span class='ocrx_word' id='word_1_135' title='bbox 597 2415 692 2494; x_wconf 87' lang='lat' dir='ltr'>parte</span> <span class='ocrx_word' id='word_1_136' title='bbox 716 2407 868 2472; x_wconf 83' lang='lat' dir='ltr'>decenter</span> <span class='ocrx_word' id='word_1_137' title='bbox 884 2413 1008 2488; x_wconf 88' lang='lat' dir='ltr'>ornato,</span> <span class='ocrx_word' id='word_1_138' title='bbox 1025 2431 1064 2472; x_wconf 87' lang='lat' dir='ltr'>ao</span> <span class='ocrx_word' id='word_1_139' title='bbox 1085 2407 1187 2478; x_wconf 86' lang='lat' dir='ltr'>etiam</span> <span class='ocrx_word' id='word_1_140' title='bbox 1202 2407 1389 2474; x_wconf 76' lang='lat' dir='ltr'>columbane</span> <span class='ocrx_word' id='word_1_141' title='bbox 1413 2407 1464 2470; x_wconf 92' lang='lat' dir='ltr'>in-</span> 
     </span>
     <span class='ocr_line' id='line_1_18' title="bbox 419 2509 1461 2596; baseline 0 -22"><span class='ocrx_word' id='word_1_142' title='bbox 419 2509 469 2574; x_wconf 81' lang='lat' dir='ltr'>fra</span> <span class='ocrx_word' id='word_1_143' title='bbox 491 2509 615 2576; x_wconf 83' lang='lat' dir='ltr'>suriam</span> <span class='ocrx_word' id='word_1_144' title='bbox 631 2509 764 2596; x_wconf 86' lang='lat' dir='ltr'>ibidem.</span> <span class='ocrx_word' id='word_1_145' title='bbox 810 2509 972 2574; x_wconf 84' lang='lat' dir='ltr'>Similiter</span> <span class='ocrx_word' id='word_1_146' title='bbox 984 2509 1154 2596; x_wconf 83' lang='lat' dir='ltr'>repa-ravit</span> <span class='ocrx_word' id='word_1_147' title='bbox 1175 2509 1214 2574; x_wconf 92' lang='lat' dir='ltr'>de</span> <span class='ocrx_word' id='word_1_148' title='bbox 1229 2531 1315 2574; x_wconf 84' lang='lat' dir='ltr'>novo</span> <span class='ocrx_word' id='word_1_149' title='bbox 1331 2509 1461 2576; x_wconf 86' lang='lat' dir='ltr'>bostare</span> 
     </span>
     <span class='ocr_line' id='line_1_19' title="bbox 278 2611 1463 2698; baseline 0 -22"><span class='ocrx_word' id='word_1_150' title='bbox 278 2653 280 2664; x_wconf 43' lang='grc' dir='ltr'><em>ι</em></span> <span class='ocrx_word' id='word_1_151' title='bbox 339 2617 341 2622; x_wconf 80' lang='grc'>’</span> <span class='ocrx_word' id='word_1_152' title='bbox 386 2631 387 2636; x_wconf 70' lang='grc'>’</span> <span class='ocrx_word' id='word_1_153' title='bbox 420 2613 460 2676; x_wconf 92' lang='lat' dir='ltr'>de</span> <span class='ocrx_word' id='word_1_154' title='bbox 476 2611 695 2698; x_wconf 86' lang='lat' dir='ltr'>Lenohewyk,</span> <span class='ocrx_word' id='word_1_155' title='bbox 713 2613 753 2678; x_wconf 88' lang='lat' dir='ltr'>de</span> <span class='ocrx_word' id='word_1_156' title='bbox 769 2611 975 2698; x_wconf 90' lang='lat' dir='ltr'>Honyborne</span> <span class='ocrx_word' id='word_1_157' title='bbox 1001 2617 1035 2676; x_wconf 93' lang='lat' dir='ltr'>et</span> <span class='ocrx_word' id='word_1_158' title='bbox 1058 2613 1099 2676; x_wconf 91' lang='lat' dir='ltr'>de</span> <span class='ocrx_word' id='word_1_159' title='bbox 1115 2611 1326 2698; x_wconf 79' lang='lat' dir='ltr'>Wyllarsey3</span> <span class='ocrx_word' id='word_1_160' title='bbox 1349 2617 1463 2698; x_wconf 87' lang='lat' dir='ltr'>postea</span> 
     </span>
     <span class='ocr_line' id='line_1_20' title="bbox 293 2703 1462 2800; baseline 0.001 -21"><span class='ocrx_word' id='word_1_161' title='bbox 293 2703 296 2708; x_wconf 43' lang='lat'><strong><em>¹</em></strong></span> <span class='ocrx_word' id='word_1_162' title='bbox 419 2713 549 2782; x_wconf 87' lang='lat' dir='ltr'>bostare</span> <span class='ocrx_word' id='word_1_163' title='bbox 566 2711 567 2714; x_wconf 44' lang='lat'>&#39;</span> <span class='ocrx_word' id='word_1_164' title='bbox 587 2715 627 2782; x_wconf 91' lang='lat' dir='ltr'>de</span> <span class='ocrx_word' id='word_1_165' title='bbox 660 2707 851 2794; x_wconf 86' lang='lat' dir='ltr'>Bradwelle‚</span> <span class='ocrx_word' id='word_1_166' title='bbox 876 2715 973 2800; x_wconf 68' lang='lat' dir='ltr'>‘quod</span> <span class='ocrx_word' id='word_1_167' title='bbox 1010 2737 1070 2800; x_wconf 94' lang='lat' dir='ltr'>per</span> <span class='ocrx_word' id='word_1_168' title='bbox 1106 2713 1216 2800; x_wconf 84' lang='lat' dir='ltr'>ignem</span> <span class='ocrx_word' id='word_1_169' title='bbox 1254 2713 1362 2800; x_wconf 84' lang='lat' dir='ltr'>periit</span> <span class='ocrx_word' id='word_1_170' title='bbox 1389 2737 1462 2780; x_wconf 87' lang='lat' dir='ltr'>eum</span> 
     </span>
     <span class='ocr_line' id='line_1_21' title="bbox 419 2815 1464 2904; baseline 0 -22"><span class='ocrx_word' id='word_1_171' title='bbox 419 2817 523 2882; x_wconf 92' lang='lat' dir='ltr'>bobus</span> <span class='ocrx_word' id='word_1_172' title='bbox 546 2823 581 2882; x_wconf 89' lang='lat' dir='ltr'>et</span> <span class='ocrx_word' id='word_1_173' title='bbox 603 2817 677 2882; x_wconf 92' lang='lat' dir='ltr'>aliis</span> <span class='ocrx_word' id='word_1_174' title='bbox 703 2815 864 2902; x_wconf 88' lang='lat' dir='ltr'>jumentis</span> <span class='ocrx_word' id='word_1_175' title='bbox 896 2823 1043 2902; x_wconf 88' lang='lat' dir='ltr'>tempore</span> <span class='ocrx_word' id='word_1_176' title='bbox 1076 2839 1143 2882; x_wconf 91' lang='lat' dir='ltr'>suo.</span> <span class='ocrx_word' id='word_1_177' title='bbox 1189 2817 1276 2892; x_wconf 90' lang='lat' dir='ltr'>Item</span> <span class='ocrx_word' id='word_1_178' title='bbox 1298 2819 1464 2904; x_wconf 86' lang='lat' dir='ltr'>reparavit</span> 
     </span>
     <span class='ocr_line' id='line_1_22' title="bbox 398 2917 1522 3006; baseline 0 -22"><span class='ocrx_word' id='word_1_179' title='bbox 398 2917 529 3006; x_wconf 54' lang='lat' dir='ltr'>&#39;partes</span> <span class='ocrx_word' id='word_1_180' title='bbox 562 2925 689 2986; x_wconf 84' lang='lat' dir='ltr'>tenurae</span> <span class='ocrx_word' id='word_1_181' title='bbox 720 2919 906 2986; x_wconf 88' lang='lat' dir='ltr'>tenentium</span> <span class='ocrx_word' id='word_1_182' title='bbox 940 2941 1083 2984; x_wconf 53' lang='lat' dir='ltr'>suorum,</span> <span class='ocrx_word' id='word_1_183' title='bbox 1106 2921 1193 3006; x_wconf 91' lang='lat' dir='ltr'>apud</span> <span class='ocrx_word' id='word_1_184' title='bbox 1226 2919 1398 2986; x_wconf 87' lang='lat' dir='ltr'>Offenham</span> <span class='ocrx_word' id='word_1_185' title='bbox 1430 2925 1464 2986; x_wconf 88' lang='lat' dir='ltr'>et</span> <span class='ocrx_word' id='word_1_186' title='bbox 1521 2931 1522 2934; x_wconf 76' lang='grc'>’</span> 
     </span>
     <span class='ocr_line' id='line_1_23' title="bbox 420 3019 1461 3110; baseline 0 -24"><span class='ocrx_word' id='word_1_187' title='bbox 420 3023 507 3110; x_wconf 91' lang='lat' dir='ltr'>apud</span> <span class='ocrx_word' id='word_1_188' title='bbox 523 3019 794 3108; x_wconf 84' lang='lat' dir='ltr'>Bengheworthe,</span> <span class='ocrx_word' id='word_1_189' title='bbox 811 3043 884 3106; x_wconf 83' lang='lat' dir='ltr'>quae</span> <span class='ocrx_word' id='word_1_190' title='bbox 907 3019 1059 3086; x_wconf 89' lang='lat' dir='ltr'>similiter</span> <span class='ocrx_word' id='word_1_191' title='bbox 1081 3021 1263 3108; x_wconf 78' lang='lat' dir='ltr'>perignem</span> <span class='ocrx_word' id='word_1_192' title='bbox 1286 3021 1461 3108; x_wconf 87' lang='lat' dir='ltr'>perierunt,</span> 
     </span>
     <span class='ocr_line' id='line_1_24' title="bbox 354 3123 1462 3214; baseline 0 -24"><span class='ocrx_word' id='word_1_193' title='bbox 354 3205 355 3208; x_wconf 8' lang='grc' dir='ltr'><strong>Ἴ</strong></span> <span class='ocrx_word' id='word_1_194' title='bbox 420 3149 457 3192; x_wconf 86' lang='lat' dir='ltr'>ae</span> <span class='ocrx_word' id='word_1_195' title='bbox 480 3127 579 3192; x_wconf 90' lang='lat' dir='ltr'>etiam</span> <span class='ocrx_word' id='word_1_196' title='bbox 602 3127 642 3190; x_wconf 91' lang='lat' dir='ltr'>de</span> <span class='ocrx_word' id='word_1_197' title='bbox 658 3147 744 3190; x_wconf 85' lang='lat' dir='ltr'>novo</span> <span class='ocrx_word' id='word_1_198' title='bbox 767 3125 898 3190; x_wconf 90' lang='lat' dir='ltr'>bostare</span> <span class='ocrx_word' id='word_1_199' title='bbox 921 3125 962 3190; x_wconf 91' lang='lat' dir='ltr'>de</span> <span class='ocrx_word' id='word_1_200' title='bbox 977 3125 1067 3190; x_wconf 86' lang='lat' dir='ltr'>ouria</span> <span class='ocrx_word' id='word_1_201' title='bbox 1082 3127 1122 3190; x_wconf 91' lang='lat' dir='ltr'>de</span> <span class='ocrx_word' id='word_1_202' title='bbox 1138 3123 1273 3214; x_wconf 73' lang='lat' dir='ltr'>Benge.ss</span> <span class='ocrx_word' id='word_1_203' title='bbox 1304 3125 1462 3192; x_wconf 85' lang='lat' dir='ltr'>Similiter</span> 
     </span>
     <span class='ocr_line' id='line_1_25' title="bbox 419 3225 1462 3318; baseline 0 -28"><span class='ocrx_word' id='word_1_204' title='bbox 419 3227 562 3314; x_wconf 92' lang='lat' dir='ltr'>reparari</span> <span class='ocrx_word' id='word_1_205' title='bbox 575 3227 662 3292; x_wconf 70' lang='lat' dir='ltr'>&#39;feeit</span> <span class='ocrx_word' id='word_1_206' title='bbox 686 3227 727 3292; x_wconf 91' lang='lat' dir='ltr'>de</span> <span class='ocrx_word' id='word_1_207' title='bbox 749 3247 836 3290; x_wconf 90' lang='lat' dir='ltr'>novo</span> <span class='ocrx_word' id='word_1_208' title='bbox 859 3225 977 3318; x_wconf 91' lang='lat' dir='ltr'>aulam</span> <span class='ocrx_word' id='word_1_209' title='bbox 1000 3227 1041 3292; x_wconf 91' lang='lat' dir='ltr'>de</span> <span class='ocrx_word' id='word_1_210' title='bbox 1063 3227 1222 3314; x_wconf 86' lang='lat' dir='ltr'>Baddeby</span> <span class='ocrx_word' id='word_1_211' title='bbox 1244 3229 1462 3314; x_wconf 83' lang='lat' dir='ltr'>eumoapella</span> 
     </span>
     <span class='ocr_line' id='line_1_26' title="bbox 419 3327 1460 3418; baseline 0.001 -24"><span class='ocrx_word' id='word_1_212' title='bbox 419 3329 552 3394; x_wconf 86' lang='lat' dir='ltr'>ibidem.</span> <span class='ocrx_word' id='word_1_213' title='bbox 597 3329 776 3418; x_wconf 88' lang='lat' dir='ltr'>Postquam</span> <span class='ocrx_word' id='word_1_214' title='bbox 808 3327 887 3416; x_wconf 83' lang='lat' dir='ltr'>feeit</span> <span class='ocrx_word' id='word_1_215' title='bbox 919 3329 1066 3414; x_wconf 87' lang='lat' dir='ltr'>reparari</span> <span class='ocrx_word' id='word_1_216' title='bbox 1088 3331 1129 3394; x_wconf 91' lang='lat' dir='ltr'>de</span> <span class='ocrx_word' id='word_1_217' title='bbox 1151 3353 1239 3396; x_wconf 88' lang='lat' dir='ltr'>novo</span> <span class='ocrx_word' id='word_1_218' title='bbox 1261 3331 1391 3402; x_wconf 86' lang='lat' dir='ltr'>diversa</span> <span class='ocrx_word' id='word_1_219' title='bbox 1412 3335 1460 3396; x_wconf 77' lang='lat' dir='ltr'>re-</span> 
     </span>
     <span class='ocr_line' id='line_1_27' title="bbox 419 3427 1467 3522; baseline 0.001 -26"><span class='ocrx_word' id='word_1_220' title='bbox 419 3441 574 3496; x_wconf 90' lang='lat' dir='ltr'>nementa</span> <span class='ocrx_word' id='word_1_221' title='bbox 607 3431 648 3500; x_wconf 90' lang='lat' dir='ltr'>de</span> <span class='ocrx_word' id='word_1_222' title='bbox 671 3429 853 3522; x_wconf 85' lang='lat' dir='ltr'>Hampton‚</span> <span class='ocrx_word' id='word_1_223' title='bbox 877 3431 969 3512; x_wconf 88' lang='lat' dir='ltr'>etin</span> <span class='ocrx_word' id='word_1_224' title='bbox 991 3431 1065 3496; x_wconf 88' lang='lat' dir='ltr'>aliis</span> <span class='ocrx_word' id='word_1_225' title='bbox 1087 3427 1166 3498; x_wconf 81' lang='lat' dir='ltr'>loeis</span> <span class='ocrx_word' id='word_1_226' title='bbox 1187 3457 1246 3520; x_wconf 88' lang='lat' dir='ltr'>per</span> <span class='ocrx_word' id='word_1_227' title='bbox 1268 3433 1398 3514; x_wconf 87' lang='lat' dir='ltr'>vallem,</span> <span class='ocrx_word' id='word_1_228' title='bbox 1421 3427 1467 3498; x_wconf 88' lang='lat' dir='ltr'>ut.</span> 
     </span>
     <span class='ocr_line' id='line_1_28' title="bbox 391 3531 1464 3624; baseline 0.007 -32"><span class='ocrx_word' id='word_1_229' title='bbox 391 3589 392 3592; x_wconf 74' lang='grc'>,</span> <span class='ocrx_word' id='word_1_230' title='bbox 420 3539 513 3622; x_wconf 86' lang='lat' dir='ltr'>patet</span> <span class='ocrx_word' id='word_1_231' title='bbox 535 3533 732 3622; x_wconf 85' lang='lat' dir='ltr'>pervisum,</span> <span class='ocrx_word' id='word_1_232' title='bbox 756 3553 814 3618; x_wconf 93' lang='lat' dir='ltr'>pro</span> <span class='ocrx_word' id='word_1_233' title='bbox 837 3531 903 3598; x_wconf 90' lang='lat' dir='ltr'>suis</span> <span class='ocrx_word' id='word_1_234' title='bbox 926 3533 1141 3624; x_wconf 56' lang='lat' dir='ltr'>tenentibus,</span> <span class='ocrx_word' id='word_1_235' title='bbox 1164 3535 1293 3622; x_wconf 83' lang='lat' dir='ltr'>magnis</span> <span class='ocrx_word' id='word_1_236' title='bbox 1325 3537 1464 3622; x_wconf 88' lang='lat' dir='ltr'>sumpti·</span> 
     </span>
     <span class='ocr_line' id='line_1_29' title="bbox 420 3627 1459 3722; baseline 0.002 -20"><span class='ocrx_word' id='word_1_237' title='bbox 420 3637 483 3702; x_wconf 88' lang='lat' dir='ltr'>bus</span> <span class='ocrx_word' id='word_1_238' title='bbox 504 3641 539 3702; x_wconf 89' lang='lat' dir='ltr'>et</span> <span class='ocrx_word' id='word_1_239' title='bbox 560 3637 730 3722; x_wconf 66' lang='lat' dir='ltr'>expensis„</span> <span class='ocrx_word' id='word_1_240' title='bbox 767 3633 855 3700; x_wconf 89' lang='lat' dir='ltr'>Item</span> <span class='ocrx_word' id='word_1_241' title='bbox 870 3635 1029 3702; x_wconf 85' lang='lat' dir='ltr'>aedifioari</span> <span class='ocrx_word' id='word_1_242' title='bbox 1050 3637 1129 3700; x_wconf 87' lang='lat' dir='ltr'>feeit</span> <span class='ocrx_word' id='word_1_243' title='bbox 1152 3637 1193 3702; x_wconf 91' lang='lat' dir='ltr'>de</span> <span class='ocrx_word' id='word_1_244' title='bbox 1215 3627 1301 3706; x_wconf 79' lang='lat' dir='ltr'>novo</span> <span class='ocrx_word' id='word_1_245' title='bbox 1317 3637 1347 3702; x_wconf 84' lang='lat' dir='ltr'>le</span> <span class='ocrx_word' id='word_1_246' title='bbox 1361 3637 1459 3704; x_wconf 80' lang='lat' dir='ltr'>mult-</span> 
     </span>
     <span class='ocr_line' id='line_1_30' title="bbox 420 3737 1461 3826; baseline 0 -22"><span class='ocrx_word' id='word_1_247' title='bbox 420 3737 522 3824; x_wconf 65' lang='lat' dir='ltr'>molle</span> <span class='ocrx_word' id='word_1_248' title='bbox 544 3737 584 3826; x_wconf 86' lang='lat' dir='ltr'>de</span> <span class='ocrx_word' id='word_1_249' title='bbox 606 3737 770 3802; x_wconf 84' lang='lat' dir='ltr'>Evesbam</span> <span class='ocrx_word' id='word_1_250' title='bbox 791 3759 866 3802; x_wconf 88' lang='lat' dir='ltr'>eum</span> <span class='ocrx_word' id='word_1_251' title='bbox 888 3757 1015 3802; x_wconf 80' lang='lat' dir='ltr'>camera</span> <span class='ocrx_word' id='word_1_252' title='bbox 1037 3743 1072 3802; x_wconf 89' lang='lat' dir='ltr'>et</span> <span class='ocrx_word' id='word_1_253' title='bbox 1093 3739 1167 3802; x_wconf 89' lang='lat' dir='ltr'>aliis</span> <span class='ocrx_word' id='word_1_254' title='bbox 1188 3739 1374 3806; x_wconf 79' lang='lat' dir='ltr'>necessariis</span> <span class='ocrx_word' id='word_1_255' title='bbox 1397 3739 1461 3806; x_wconf 93' lang='lat' dir='ltr'>ibi-</span> 
     </span>
     <span class='ocr_line' id='line_1_31' title="bbox 420 3827 1462 3928; baseline 0.002 -24"><span class='ocrx_word' id='word_1_256' title='bbox 420 3841 503 3906; x_wconf 92' lang='lat' dir='ltr'>dem.</span> <span class='ocrx_word' id='word_1_257' title='bbox 549 3827 667 3906; x_wconf 88' lang='lat' dir='ltr'>Postea</span> <span class='ocrx_word' id='word_1_258' title='bbox 689 3839 864 3926; x_wconf 82' lang='lat' dir='ltr'>reparavit</span> <span class='ocrx_word' id='word_1_259' title='bbox 878 3839 919 3910; x_wconf 90' lang='lat' dir='ltr'>de</span> <span class='ocrx_word' id='word_1_260' title='bbox 941 3845 1026 3910; x_wconf 86' lang='lat' dir='ltr'>novo</span> <span class='ocrx_word' id='word_1_261' title='bbox 1048 3841 1101 3906; x_wconf 89' lang='lat' dir='ltr'>bis</span> <span class='ocrx_word' id='word_1_262' title='bbox 1115 3841 1169 3906; x_wconf 85' lang='lat' dir='ltr'>vel</span> <span class='ocrx_word' id='word_1_263' title='bbox 1190 3845 1243 3914; x_wconf 89' lang='lat' dir='ltr'>ter</span> <span class='ocrx_word' id='word_1_264' title='bbox 1258 3841 1286 3906; x_wconf 83' lang='lat' dir='ltr'>le</span> <span class='ocrx_word' id='word_1_265' title='bbox 1301 3841 1462 3928; x_wconf 76' lang='lat' dir='ltr'>flodautes</span> 
     </span>
     <span class='ocr_line' id='line_1_32' title="bbox 304 3939 1461 4026; baseline 0.003 -20"><span class='ocrx_word' id='word_1_266' title='bbox 304 3943 305 3946; x_wconf 70' lang='grc'>’</span> <span class='ocrx_word' id='word_1_267' title='bbox 408 3943 461 4008; x_wconf 51' lang='lat' dir='ltr'>¹de</span> <span class='ocrx_word' id='word_1_268' title='bbox 484 3941 652 4014; x_wconf 51' lang='lat' dir='ltr'>Evesbam¹</span> <span class='ocrx_word' id='word_1_269' title='bbox 670 3945 705 4006; x_wconf 90' lang='lat' dir='ltr'>et</span> <span class='ocrx_word' id='word_1_270' title='bbox 728 3939 904 4026; x_wconf 82' lang='lat' dir='ltr'>Obadbery</span> <span class='ocrx_word' id='word_1_271' title='bbox 934 3963 1009 4006; x_wconf 88' lang='lat' dir='ltr'>oum</span> <span class='ocrx_word' id='word_1_272' title='bbox 1043 3943 1239 4020; x_wconf 85' lang='lat' dir='ltr'>molendinis</span> <span class='ocrx_word' id='word_1_273' title='bbox 1273 3943 1395 4016; x_wconf 89' lang='lat' dir='ltr'>ibidem·</span> <span class='ocrx_word' id='word_1_274' title='bbox 1427 3951 1461 4010; x_wconf 88' lang='lat' dir='ltr'>et</span> 
     </span>
     <span class='ocr_line' id='line_1_33' title="bbox 420 4037 1461 4132; baseline 0.001 -20.918"><span class='ocrx_word' id='word_1_275' title='bbox 420 4045 558 4112; x_wconf 75' lang='lat' dir='ltr'>leautes</span> <span class='ocrx_word' id='word_1_276' title='bbox 580 4037 654 4108; x_wconf 82' lang='lat' dir='ltr'>oum</span> <span class='ocrx_word' id='word_1_277' title='bbox 674 4043 828 4108; x_wconf 78' lang='lat' dir='ltr'>maximis</span> <span class='ocrx_word' id='word_1_278' title='bbox 850 4043 1009 4130; x_wconf 84' lang='lat' dir='ltr'>expensis.</span> <span class='ocrx_word' id='word_1_279' title='bbox 1055 4043 1213 4118; x_wconf 85' lang='lat' dir='ltr'>Similiter</span> <span class='ocrx_word' id='word_1_280' title='bbox 1233 4047 1398 4132; x_wconf 86' lang='lat' dir='ltr'>reparavit</span> <span class='ocrx_word' id='word_1_281' title='bbox 1421 4047 1461 4112; x_wconf 91' lang='lat' dir='ltr'>de</span> 
     </span>
     <span class='ocr_line' id='line_1_34' title="bbox 420 4143 1460 4234; baseline 0.002 -18"><span class='ocrx_word' id='word_1_282' title='bbox 420 4173 506 4216; x_wconf 90' lang='lat' dir='ltr'>novo</span> <span class='ocrx_word' id='word_1_283' title='bbox 536 4147 587 4214; x_wconf 90' lang='lat' dir='ltr'>bis</span> <span class='ocrx_word' id='word_1_284' title='bbox 617 4147 672 4212; x_wconf 78' lang='lat' dir='ltr'>v&#39;el</span> <span class='ocrx_word' id='word_1_285' title='bbox 704 4143 755 4212; x_wconf 80' lang='lat' dir='ltr'>ter</span> <span class='ocrx_word' id='word_1_286' title='bbox 787 4147 1014 4212; x_wconf 90' lang='lat' dir='ltr'>molendinum</span> <span class='ocrx_word' id='word_1_287' title='bbox 1045 4149 1086 4214; x_wconf 88' lang='lat' dir='ltr'>de</span> <span class='ocrx_word' id='word_1_288' title='bbox 1120 4145 1301 4234; x_wconf 80' lang='lat' dir='ltr'>Tatlynton</span> <span class='ocrx_word' id='word_1_289' title='bbox 1334 4173 1407 4216; x_wconf 89' lang='lat' dir='ltr'>oum</span> <span class='ocrx_word' id='word_1_290' title='bbox 1431 4153 1460 4218; x_wconf 85' lang='lat' dir='ltr'>le</span> 
     </span>
    </p>
   </div>
   <div class='ocr_carea' id='block_1_3' title="bbox 167 4241 1460 4438">
    <p class='ocr_par' dir='ltr' id='par_1_3' title="bbox 167 4241 1460 4438">
     <span class='ocr_line' id='line_1_35' title="bbox 167 4241 1460 4340; baseline 0.006 -30"><span class='ocrx_word' id='word_1_291' title='bbox 167 4305 171 4310; x_wconf 74' lang='grc'>,.</span> <span class='ocrx_word' id='word_1_292' title='bbox 413 4241 594 4340; x_wconf 77' lang='lat' dir='ltr'>floodautea</span> <span class='ocrx_word' id='word_1_293' title='bbox 607 4249 738 4316; x_wconf 84' lang='lat' dir='ltr'>ibidem.</span> <span class='ocrx_word' id='word_1_294' title='bbox 783 4249 835 4312; x_wconf 83' lang='lat' dir='ltr'>Ao</span> <span class='ocrx_word' id='word_1_295' title='bbox 849 4249 950 4314; x_wconf 82' lang='lat' dir='ltr'>etiam</span> <span class='ocrx_word' id='word_1_296' title='bbox 971 4249 1049 4316; x_wconf 84' lang='lat' dir='ltr'>feeit</span> <span class='ocrx_word' id='word_1_297' title='bbox 1070 4251 1111 4318; x_wconf 91' lang='lat' dir='ltr'>de</span> <span class='ocrx_word' id='word_1_298' title='bbox 1125 4273 1212 4318; x_wconf 90' lang='lat' dir='ltr'>novo</span> <span class='ocrx_word' id='word_1_299' title='bbox 1226 4257 1325 4338; x_wconf 87' lang='lat' dir='ltr'>eaput</span> <span class='ocrx_word' id='word_1_300' title='bbox 1339 4253 1460 4324; x_wconf 82' lang='lat' dir='ltr'>vivarii</span> 
     </span>
     <span class='ocr_line' id='line_1_36' title="bbox 269 4351 1457 4438; baseline 0.003 -21"><span class='ocrx_word' id='word_1_301' title='bbox 269 4379 272 4386; x_wconf 85' lang='lat'>¹</span> <span class='ocrx_word' id='word_1_302' title='bbox 320 4373 333 4408; x_wconf 79' lang='lat'>¹.</span> <span class='ocrx_word' id='word_1_303' title='bbox 374 4427 375 4430; x_wconf 8' lang='grc' dir='ltr'><strong>Ἴ</strong></span> <span class='ocrx_word' id='word_1_304' title='bbox 417 4355 461 4420; x_wconf 69' lang='lat' dir='ltr'>&#39;de</span> <span class='ocrx_word' id='word_1_305' title='bbox 477 4353 668 4438; x_wconf 81' lang='lat' dir='ltr'>Ombresley</span> <span class='ocrx_word' id='word_1_306' title='bbox 690 4351 800 4416; x_wconf 82' lang='lat' dir='ltr'>vocati</span> <span class='ocrx_word' id='word_1_307' title='bbox 825 4351 979 4438; x_wconf 64' lang='lat' dir='ltr'>Tsplpole</span> <span class='ocrx_word' id='word_1_308' title='bbox 1013 4375 1086 4418; x_wconf 86' lang='lat' dir='ltr'>oum</span> <span class='ocrx_word' id='word_1_309' title='bbox 1108 4353 1305 4420; x_wconf 89' lang='lat' dir='ltr'>molendinis</span> <span class='ocrx_word' id='word_1_310' title='bbox 1326 4355 1457 4434; x_wconf 87' lang='lat' dir='ltr'>ibidem,</span> 
     </span>
    </p>
   </div>
   <div class='ocr_carea' id='block_1_4' title="bbox 538 4595 1342 4666">
    <p class='ocr_par' dir='ltr' id='par_1_4' title="bbox 538 4595 1342 4666">
     <span class='ocr_line' id='line_1_37' title="bbox 538 4595 1342 4666; baseline 0.01 -19"><span class='ocrx_word' id='word_1_311' title='bbox 538 4597 545 4628; x_wconf 83' lang='lat'><em>¹</em></span> <span class='ocrx_word' id='word_1_312' title='bbox 563 4595 726 4662; x_wconf 74' lang='lat' dir='ltr'>londonium]</span> <span class='ocrx_word' id='word_1_313' title='bbox 746 4595 966 4660; x_wconf 80' lang='lat' dir='ltr'>inhospitiotlieli</span> <span class='ocrx_word' id='word_1_314' title='bbox 978 4599 1092 4666; x_wconf 79' lang='lat' dir='ltr'>episcopi.</span> <span class='ocrx_word' id='word_1_315' title='bbox 1127 4603 1194 4654; x_wconf 76' lang='lat' dir='ltr'>Aen</span> <span class='ocrx_word' id='word_1_316' title='bbox 1206 4603 1278 4654; x_wconf 81' lang='lat' dir='ltr'>Harl.</span> <span class='ocrx_word' id='word_1_317' title='bbox 1285 4609 1342 4654; x_wconf 82' lang='lat'><strong>229.</strong></span> 
     </span>
    </p>
   </div>
   <div class='ocr_carea' id='block_1_5' title="bbox 0 0 1658 5666">
    <p class='ocr_par' dir='ltr' id='par_1_5' title="bbox 0 0 1658 5666">
     <span class='ocr_line' id='line_1_38' title="bbox 0 0 1658 5666; baseline 0 0"><span class='ocrx_word' id='word_1_318' title='bbox 0 0 1658 5666; x_wconf 95' lang='lat' dir='ltr'> </span> 
     </span>
    </p>
   </div>
  </div>
 </body>
</html>
