3300 5666
1274 789 1307 816 tf)

454 803 656 854 ofluoruoou
679 803 834 854 ABBATIAE
859 805 904 854 Du
928 805 1096 854 EVESHAM.
1139 869 1140 872 Ἴ
1247 793 1308 852 litu

256 1003 361 1068 super
383 981 487 1046 literis
503 979 582 1058 illis,
599 979 694 1062 dixit,
719 979 945 1046 “Audivimus
969 983 1056 1066 quod
1079 981 1179 1046 abbas
1203 985 1311 1046 vester
1367 995 1434 1052 Am.

209 1131 210 1134 ,
267 1091 284 1118 “
306 1083 458 1150 detentus
473 1083 567 1148 sitin
581 1081 718 1166 itinere,
742 1085 825 1148 vade
849 1089 883 1150 et
905 1083 1034 1168 inquire
1058 1083 1115 1146 ubi
1139 1087 1215 1168 eta
1237 1103 1310 1168 quo,
1350 1067 1452 1118 ¹²⁰4&

266 1193 284 1220 “
307 1189 340 1250 et
371 1187 581 1252 liberabimus
616 1209 698 1266 eum,
726 1191 759 1252 et
790 1193 870 1250 tunc
901 1185 1038 1250 habebis
1069 1185 1179 1250 literas
1209 1185 1311 1252 tuas⁷¹

265 1287 310 1352 Et
339 1309 440 1372 quum
469 1287 576 1354 adhuc
606 1289 765 1354 instarem
788 1293 948 1374 proterve,
973 1273 1083 1352 dicens
1107 1289 1184 1372 quia
1205 1289 1311 1354 litera

253 1391 406 1478 episcopi
428 1411 495 1454 non
518 1391 681 1456 faciebant
710 1389 913 1456 mentionem
937 1389 977 1454 de
1005 1391 1125 1454 nostris
1148 1391 1311 1478 prioribus
1399 1451 1400 1454 ,

204 1523 206 1528 v
263 1495 297 1556 et
320 1493 393 1558 ideo
416 1491 515 1558 debui
526 1493 646 1558 habere
665 1491 903 1570 revocatorias,1
928 1491 1077 1556 dominus
1100 1493 1311 1580 papairatus
1397 1557 1398 1560 ,

263 1595 431 1680 respondit
454 1593 543 1670 mihi,
569 1601 585 1628 “
600 1595 653 1658 Ex
680 1597 768 1658 certa
798 1593 935 1660 scientia
959 1595 1106 1658 dedimus
1132 1594 1215 1662 tales
1238 1594 1309 1662 lite·
1371 1649 1380 1666 ,,

266 1705 284 1732 “·
305 1715 357 1760 ras
392 1697 546 1784 episcope,
573 1701 608 1762 et
630 1697 702 1760 ideo
725 1697 866 1766 nolimus
889 1717 943 1762 eas
965 1719 1116 1762 revocare
1130 1721 1138 1778 ;
1151 1695 1170 1720 ”
1196 1703 1231 1766 et
1248 1699 1310 1778 ad-

257 1801 345 1886 jecit,
371 1809 388 1836 “
404 1799 463 1866 Est
486 1803 583 1866 modo
615 1823 806 1886 responsum
836 1799 928 1866 tibi.”
974 1799 1020 1864 Et
1050 1823 1118 1888 ego,
1142 1811 1158 1836 “
1175 1803 1308 1886 Ubique,
1322 1841 1449 1908 Thepope
1539 1835 1540 1838 ¹

264 1911 279 1938 “
302 1901 440 1980 domine,
455 1925 647 1990 responsum
663 1909 720 1982 est,
737 1903 793 1970 sed
809 1903 850 1968 de
866 1901 1056 1988 potestate.''
1096 1905 1140 1970 Et
1157 1905 1308 1986 dominus
1322 1913 1464 1960 afterwards

261 2027 353 2092 papa,
386 2007 461 2070 “Et
499 2027 566 2070 non
599 2009 648 2070 est
680 2007 720 2070 de
762 2005 837 2090 jure
868 2005 1105 2090 responsum?”
1162 2005 1207 2074 Et
1240 2029 1306 2092 ego,
1320 1975 1435 2092 qqurrqued
1443 1983 1468 2026 at

263 2115 280 2142 “
302 2105 450 2186 Domine,
473 2105 609 2174 nesci0.”
666 2107 711 2172 Et
741 2105 893 2172 dominus
917 2127 1001 2194 papa
1023 2113 1203 2174 commotus
1226 2109 1473 2196 prm-berse'sim·

260 2207 346 2298 ccpit
368 2213 406 2274 ut
430 2215 568 2276 tacerem
594 2213 628 2274 et
651 2211 840 2276 recederem,

1322 2175 1454 2240 portunity.
1514 2209 1515 2212 κ

259 2421 309 2486 De
338 2441 465 2486 recessu
495 2419 679 2486 corumdem
710 2417 857 2486 acurio
882 2427 923 2486 ut
954 2417 1134 2488 liberarent
1161 2417 1309 2490 abbatem

349 2529 487 2608 coptum
516 2519 559 2590 iu
588 2519 750 2600 Francia,
782 2529 812 2588 et
842 2521 882 2588 de
914 2521 989 2588 dolo
1031 2519 1159 2588 obbatis
1190 2527 1308 2590 contro

349 2623 512 2690 reomao
526 2621 738 2702 morracium,
755 2629 784 2688 et
800 2623 947 2690 adveatu
963 2621 1092 2688 abbatis
1107 2621 1153 2688 od
1168 2621 1306 2716 curium

338 2725 554 2794 naamam.
593 2745 594 2748 ’

304 2867 349 2934 Et
367 2867 556 2934 recessimus
572 2867 608 2930 in
626 2865 749 2932 octabis
761 2865 867 2930 sancti
883 2865 1014 2944 Hilarii,
1030 2873 1063 2930 et
1078 2889 1180 2952 quum
1196 2865 1303 2932 venis·
1316 2863 1464 2918 A·D·12⁰⁵·

257 2991 363 3034 semus
388 2969 591 3034 Placentiam
607 2969 793 3034 audivimus
817 2969 904 3052 quod
932 2969 1034 3032 abbas
1057 2975 1168 3046 noster
1187 2975 1302 3054 captus
1315 2941 1472 3060 ffileepgge

255 3069 363 3134 fuerat
392 3071 480 3156 apud
512 3069 712 3136 (labilonem.
770 3069 874 3134 Taceo
897 3091 1029 3134 causam
1052 3069 1210 3158 captionis
1223 3091 1301 3156 suae
1314 3073 1445 3138 Piscenae,

256 3173 388 3256 quiade
410 3193 450 3236 ea
472 3177 579 3238 certus
604 3193 679 3236 non
694 3193 774 3250 sum,
792 3193 893 3256 quum
909 3173 957 3236 ibi
973 3177 1053 3238 tunc
1070 3193 1212 3260 praesens
1234 3191 1300 3242 non
1313 3141 1473 3260 Ξὲἕῑζᾛᾱ

254 3275 380 3340 fuerim.
440 3273 552 3338 Timeo
572 3265 703 3338 ¹etenim
742 3275 885 3340 verenda
914 3275 1017 3360 patris
1048 3273 1113 3338 mei
1143 3275 1436 3360 detegere,t0Pavia-

255 3377 311 3442 ubi
333 3377 425 3440 nulla
455 3375 582 3442 nbilitas
612 3375 760 3462 sequitur
791 3397 832 3440 ex
863 3375 1074 3454 revelatione,
1109 3397 1169 3440 nec
1199 3397 1301 3464 grave
1313 3365 1456 3484 331³le

252 3479 436 3544 animarum
458 3477 513 3544 vel
536 3479 677 3546 ecclesiae
700 3477 909 3566 dispendium
932 3479 1086 3564 provenit
1106 3501 1148 3542 ex
1166 3479 1299 3544 tacitur-
1313 3449 1427 3552 soneprat

252 3581 364 3648 nitate.
410 3581 502 3646 Tunc
527 3581 704 3646 mansimus
720 3581 766 3648 ibi
787 3603 844 3666 per
858 3587 926 3646 tres
941 3579 1008 3646 dies
1026 3585 1064 3644 ut
1079 3581 1238 3668 pleniores
1260 3581 1300 3650 de
1311 3567 1467 3684 fflfflsffl

251 3683 370 3746 abbate
401 3683 588 3748 audiremus
623 3705 776 3762 rumores,
804 3683 882 3766 quia
910 3683 1028 3746 civitas
1052 3683 1111 3746 illa
1141 3683 1177 3746 in
1210 3683 1299 3750 bivio
1312 3701 1435 3776 umatus

251 3783 358 3870 posita
385 3787 444 3854 est.
491 3785 602 3850 Tertia
625 3785 678 3848 die
704 3785 890 3850 audivimus
918 3785 1004 3870 quod
1028 3785 1188 3850 liberatus
1217 3791 1297 3866 erat,
1310 3777 1440 3884 ffiffil

251 3887 329 3952 licet
354 3909 428 3952 cum
445 3907 567 3972 magna
593 3909 702 3952 rerum
728 3909 859 3952 suarum
884 3893 919 3952 et
941 3887 1088 3974 pecuniae
1109 3887 1248 3972 jactura,
1265 3893 1298 3954 et
1311 3899 1406 3952 March.

254 3989 342 4074 quod
374 3989 445 4074 jam
471 3989 705 4052 Lumbardiam
731 3989 838 4054 fuerat
862 3989 1050 4076 ingressus„
1091 3989 1184 4054 Tunc
1214 4013 1296 4056 com-

237 4087 418 4156 municato
440 4091 574 4158 consilio
597 4111 656 4178 ego
681 4095 714 4156 et
733 4091 864 4166 socius2
887 4113 979 4158 meus
1001 4091 1099 4158 divisi
1114 4113 1226 4158 sumus
1241 4093 1296 4156 ab-

250 4193 399 4272 invicem,
414 4193 546 4280 utrique
568 4197 716 4258 nostrum
740 4193 781 4258 ab
804 4193 908 4264 altero
929 4195 995 4258 fide
1018 4195 1095 4260 data
1115 4195 1203 4280 quod
1225 4195 1297 4278 qui-

251 4319 387 4382 cumque
409 4303 560 4364 nostrum
583 4297 672 4384 prius
696 4297 845 4364 obviaret
872 4299 986 4364 abbati
1009 4297 1105 4364 alteri
1119 4297 1295 4362 nuntiaret

251 4397 296 4462 Et
319 4421 379 4488 ego
401 4399 517 4468 recessi
540 4399 685 4488 Papiam,
711 4397 766 4464 ille
790 4421 867 4466 vero
890 4401 1022 4468 recessit
1045 4396 1238 4476 Vercellum,
1262 4403 1296 4466 et

250 4501 398 4568 obviavit
420 4501 533 4568 abbati
555 4523 614 4568 nec
635 4501 842 4568 renuntiavit
866 4502 955 4568 milri.
1011 4501 1124 4566 Abbas
1148 4523 1233 4580 vero,
1257 4507 1296 4566 ut

283 4799 289 4830 ¹
308 4783 482 4866 revocatorias]
499 4799 644 4862 revocamus,
657 4799 713 4850 MS.
813 4799 819 4866 Ι
867 4799 983 4866 ²socz'us]
997 4799 1083 4866 sotius,
1095 4799 1150 4856 MS.
