3300 5666
352 841 372 902 4
553 849 924 900 canonicoraarmra
946 849 1204 900 narrassem:

189 1061 345 1118 suesco.
359 1039 491 1104 omnino
513 1037 719 1124 mancipavit.
767 1035 827 1100 Per
850 1037 994 1122 singulos
1016 1037 1129 1122 itaque
1153 1037 1276 1110 ordinis
1301 1027 1398 1102 eccie-

359 1139 492 1216 siastici
503 1139 622 1228 gradus
656 1139 711 1214 ad¹
732 1139 966 1224 sacerdotium,
980 1161 1083 1224 usque
1112 1145 1299 1226 provectus,
1322 1161 1400 1214 mox

360 1247 467 1308 totam
485 1243 602 1308 ¹uitam
644 1263 735 1306 suam
762 1241 810 1304 ita
824 1263 826 1268 ’
840 1241 889 1304 in²
906 1241 1215 1328 contemplationem
1230 1237 1401 1328 divinam
1434 1297 1435 1300 ,

363 1339 525 1410 convertit
545 1339 721 1428 'quatenus'
734 1345 770 1408 in
796 1335 914 1410 activa
931 1335 1176 1410 conversatione
1195 1345 1312 1424 ¹Deum
1335 1365 1403 1430 prae

197 1457 294 1510 nectus.
307 1451 323 1502 t
364 1439 464 1512 oculis
495 1437 620 1532 semper
641 1437 791 1526 haberet
807 1447 896 1512 iliius
918 1441 1116 1528 recordatus
1132 1449 1219 1532 quod
1235 1441 1405 1532 scriptura

199 1531 236 1578 ¹³·
366 1549 453 1628 dicit,
467 1547 615 1616 ‘Timenti
630 1541 744 1620 ¹Deum
766 1543 847 1630 bene
870 1553 931 1616 erit
953 1551 990 1614 in
1013 1551 1195 1616 extremis·
1229 1537 1230 1540 Ἴ
1303 1541 1304 1544 “

626 2033 631 2042 ⁵
732 1943 735 1948 “
800 1937 1001 2030 chrro'II.
1091 1961 1096 1988 ι

208 2133 299 2200 ngjn
311 2147 354 2196 ap·
420 2109 490 2174 Ubi
506 2131 583 2174 vero
599 2109 793 2176 Wictiorum
809 2109 899 2174 sedes
914 2109 1068 2194 pontifice
1086 2107 1200 2172 orbata
1223 2111 1281 2186 est,
1298 2109 1418 2174 clamat

208 2201 338 2330 iidddsshf
377 2211 487 2292 Clesus»
526 2213 611 2298 Petit
648 2213 796 2298 ΡΟΡΠῙΠΒ»
836 2213 970 2276 beatum
1004 2211 1114 2276 virum
1145 2233 1203 2296 pro
1219 2211 1420 2278 ,sanctitatis
1448 2283 1452 2294 .

212 2335 362 2388 worcester,
379 2315 493 2378 merito
517 2315 558 2378 ad
581 2315 792 2400 episcopalem
826 2313 1023 2398 dignitatem
1049 2313 1297 2378 sublimandum.
1355 2313 1422 2400 Igi-

215 2401 280 2454 AD·
294 2407 350 2452 ⁶⁹²·
381 2421 444 2498 tur,
467 2417 543 2482 licet
566 2417 707 2480 multum
728 2417 901 2496 reluctans
914 2417 1033 2500 diuque
1056 2415 1209 2494 renitens
1226 2415 1358 2500 eligitur
1378 2417 1421 2480 ab

382 2521 469 2586 omni
512 2519 595 2584 clero
629 2519 665 2582 in
690 2521 894 2606 episcopum,
927 2517 1119 2604 rogantibus
1159 2519 1354 2604 primoribus
1391 2523 1424 2582 et

293 2625 294 2628 ’
382 2621 582 2708 principibus
605 2621 774 2686 Ethelredi
797 2621 882 2708 regis
905 2619 1110 2702 Marciorum,
1134 2643 1197 2706 quo
1221 2621 1425 2710 concedente,

383 2725 481 2788 immo
524 2725 622 2786 etiam
655 2723 831 2808 plurimum
866 2729 1007 2808 cogente,
1043 2725 1182 2810 primate
1217 2723 1316 2788 etiam
1355 2723 1428 2786 Bri-

374 2817 509 2892 ¹tannia
550 2825 774 2890 consentiente
813 2831 847 2890 et
881 2825 1110 2904 confirmante,
1127 2825 1168 2888 ad
1207 2827 1430 2912 episcopatum

387 2927 533 3014 praefatae
555 2927 646 2992 urbis
674 2949 747 2992 cum
775 2927 909 2994 canticis
936 2933 969 2992 et
994 2929 1128 3012 hymnis
1155 2933 1340 3014 assumptus
1370 2933 1428 2992 est.

389 3031 519 3096 Positus
544 3029 646 3116 igitur
670 3031 706 3092 in
722 3031 900 3116 pontificio,
923 3031 1037 3094 statim
1059 3031 1176 3094 Divini
1202 3029 1303 3096 Verbi
1326 3031 1431 3096 sactus

389 3141 439 3200 cst
474 3133 605 3198 inclitus
636 3133 837 3220 praedicator,
860 3133 1019 3220 bonisque
1054 3133 1170 3200 exinde
1194 3135 1321 3200 actibus
1344 3137 1432 3200 omni

275 3249 280 3258 ’
391 3237 557 3302 conamine
590 3257 720 3322 operam
752 3235 852 3316 dedit,
876 3241 971 3302 tanto
1001 3237 1155 3302 humilior
1179 3243 1300 3322 quanto
1325 3237 1435 3302 aitiori

393 3341 586 3406 sublimatus
611 3343 680 3404 erat
706 3337 816 3404 officio.
861 3339 961 3404 Pater
983 3341 1209 3426 orphanorum,
1234 3345 1437 3406 sustentator

395 3437 578 3520 viduarum,
598 3441 708 3526 justus
727 3441 832 3526 judex
856 3463 1081 3528 oppressorum
1105 3449 1138 3506 et
1163 3443 1343 3506 consolator
1367 3447 1437 3506 erat

395 3545 614 3608 desoiatorum
629 3569 636 3624 ;
654 3547 745 3624 ¹unde
773 3565 864 3610 carus
881 3545 951 3610 Deo
974 3551 1008 3608 et
1030 3545 1216 3610 hominibus
1232 3545 1365 3610 effectus
1380 3549 1438 3608 est.

397 3647 519 3714 Beatus
543 3649 655 3732 itaque
672 3647 840 3736 nginus
863 3671 961 3734 supra
982 3647 1111 3712 firmam
1131 3655 1258 3734 petram
1273 3647 1440 3728 fundatus,

399 3747 498 3816 armis
532 3749 654 3814 divinis
671 3753 854 3830 accinctus,
883 3749 1039 3814 doctrinis
1071 3749 1255 3814 coelestibus
1285 3749 1441 3830 imbutus,

401 3857 553 3940 potenter
587 3875 641 3916 eos
655 3905 657 3940 3
672 3851 889 3938 redarguebat
920 3853 976 3936 qui
1008 3873 1094 3918 sanae
1131 3851 1218 3916 fidei
1238 3853 1443 3930 resistebant,

401 3953 519 4020 leniter
534 3975 612 4040 uero
628 3977 680 4022 eos
696 3953 902 4020 demulcebat
925 3953 982 4038 qui
1006 3953 1098 4020 suavi
1121 3953 1201 4040 jugo
1226 3953 1349 4018 Christi
1372 3955 1445 4020 obe-

350 4083 351 4086 *
404 4057 525 4122 diendo
548 4055 630 4122 colla
652 4057 845 4124 subdebant.
879 4135 880 4138 Ἴ
905 4055 1020 4122 Pravis
1043 4063 1113 4122 erat
1136 4079 1238 4122 sermo
1262 4055 1331 4142 ejus
1354 4057 1447 4142 quasi

406 4159 578 4238 stimulus„
602 4161 781 4226 mansuetis
802 4181 880 4224 uero
905 4159 997 4244 quasi
1019 4159 1133 4224 oleum.
1191 4159 1345 4224 Fortibus
1373 4163 1448 4224 'erat

407 4263 516 4340 durus,
532 4261 711 4328 humilibus
734 4269 804 4328 erat
827 4261 917 4328 mitis
940 4269 973 4328 et
996 4269 1193 4330 mansuetus.
1239 4261 1449 4328 Fortissimus

408 4367 524 4450 itaque
547 4363 699 4450 ueritatis
722 4371 872 4444 assertor,
895 4363 947 4430 vir
970 4365 1043 4442 Dei,
1067 4365 1204 4452 populos
1226 4363 1355 4436 noviter
1377 4387 1452 4430 con-

414 4487 522 4530 versos
560 4471 594 4532 et
632 4467 828 4552 gentilitatis
861 4467 1038 4554 plurimum
1073 4469 1179 4532 adhuc
1220 4467 1382 4554 sapientes
1420 4471 1453 4532 et

416 4589 521 4634 errore
545 4571 679 4656 antiquo
702 4569 738 4632 in
761 4569 874 4634 multis
893 4569 1050 4656 deceptos
1072 4571 1258 4654 fflicitisque
1286 4571 1454 4634 connubiis

417 4677 528 4736 contra
551 4673 769 4736 Christianam
784 4677 904 4738 sectam
923 4673 1090 4736 involutos
1115 4695 1136 4736 a
1160 4673 1310 4738 faucibus
1335 4673 1457 4736 diaboli

421 4775 606 4844 abstrahere
637 4775 786 4862 cupiens,
806 4781 904 4862 atque
930 4775 973 4840 ab
1004 4797 1111 4844 erroro
1137 4775 1267 4862 paterni
1292 4775 1459 4846 delictiet
