<?xml version="1.0" encoding="UTF-8"?>
<!DOCTYPE html PUBLIC "-//W3C//DTD XHTML 1.0 Transitional//EN"
    "http://www.w3.org/TR/xhtml1/DTD/xhtml1-transitional.dtd">
<html xmlns="http://www.w3.org/1999/xhtml" xml:lang="en" lang="en">
 <head>
  <title>
</title>
<meta http-equiv="Content-Type" content="text/html;charset=utf-8" />
  <meta name='ocr-system' content='tesseract 3.04.00' />
  <meta name='ocr-capabilities' content='ocr_page ocr_carea ocr_par ocr_line ocrx_word'/>
</head>
<body>
  <div class='ocr_page' id='page_1' title='image "./chroniconabbati01marlgoog/chroniconabbati01marlgoog_0100.png"; bbox 0 0 3308 5666; ppageno 0'>
   <div class='ocr_carea' id='block_1_1' title="bbox 346 777 1186 860">
    <p class='ocr_par' dir='ltr' id='par_1_1' title="bbox 346 777 1186 860">
     <span class='ocr_line' id='line_1_1' title="bbox 346 777 1186 860; baseline -0.005 0"><span class='ocrx_word' id='word_1_1' title='bbox 346 799 387 860; x_wconf 74' lang='lat'>42</span> <span class='ocrx_word' id='word_1_2' title='bbox 542 777 742 860; x_wconf 79' lang='lat' dir='ltr'>ouaomoou</span> <span class='ocrx_word' id='word_1_3' title='bbox 767 809 923 858; x_wconf 80' lang='grc'>11111111</span> <span class='ocrx_word' id='word_1_4' title='bbox 947 807 993 854; x_wconf 84' lang='lat' dir='ltr'>nn</span> <span class='ocrx_word' id='word_1_5' title='bbox 1016 805 1186 856; x_wconf 77' lang='lat' dir='ltr'>evasum.</span> 
     </span>
    </p>
   </div>
   <div class='ocr_carea' id='block_1_2' title="bbox 183 991 1428 2640">
    <p class='ocr_par' dir='ltr' id='par_1_2' title="bbox 183 991 1428 2628">
     <span class='ocr_line' id='line_1_2' title="bbox 183 991 1382 1082; baseline 0.002 -26"><span class='ocrx_word' id='word_1_6' title='bbox 183 1007 332 1060; x_wconf 72' lang='grc'>1111971.</span> <span class='ocrx_word' id='word_1_7' title='bbox 345 995 492 1082; x_wconf 79' lang='lat' dir='ltr'>Eogwini</span> <span class='ocrx_word' id='word_1_8' title='bbox 518 996 556 1061; x_wconf 92' lang='lat' dir='ltr'>de</span> <span class='ocrx_word' id='word_1_9' title='bbox 581 1001 668 1062; x_wconf 93' lang='lat' dir='ltr'>terra</span> <span class='ocrx_word' id='word_1_10' title='bbox 695 1017 792 1082; x_wconf 88' lang='lat' dir='ltr'>quam</span> <span class='ocrx_word' id='word_1_11' title='bbox 816 995 1077 1062; x_wconf 71' lang='lat' dir='ltr'>calumniabatur</span> <span class='ocrx_word' id='word_1_12' title='bbox 1100 995 1228 1076; x_wconf 85' lang='lat' dir='ltr'>tollens,</span> <span class='ocrx_word' id='word_1_13' title='bbox 1252 991 1382 1058; x_wconf 84' lang='lat' dir='ltr'>sibimet</span> 
     </span>
     <span class='ocr_line' id='line_1_3' title="bbox 345 1096 1383 1184; baseline 0.002 -22"><span class='ocrx_word' id='word_1_14' title='bbox 345 1099 480 1164; x_wconf 90' lang='lat' dir='ltr'>eandem</span> <span class='ocrx_word' id='word_1_15' title='bbox 509 1105 630 1164; x_wconf 88' lang='lat' dir='ltr'>terram</span> <span class='ocrx_word' id='word_1_16' title='bbox 656 1099 796 1184; x_wconf 86' lang='lat' dir='ltr'>jurando</span> <span class='ocrx_word' id='word_1_17' title='bbox 838 1097 1026 1184; x_wconf 80' lang='lat' dir='ltr'>acquireret.</span> <span class='ocrx_word' id='word_1_18' title='bbox 1077 1097 1159 1164; x_wconf 83' lang='lat' dir='ltr'>Erat</span> <span class='ocrx_word' id='word_1_19' title='bbox 1190 1119 1266 1162; x_wconf 93' lang='lat' dir='ltr'>vero</span> <span class='ocrx_word' id='word_1_20' title='bbox 1296 1096 1383 1164; x_wconf 80' lang='lat' dir='ltr'>idem</span> 
     </span>
     <span class='ocr_line' id='line_1_4' title="bbox 341 1199 1384 1288; baseline 0.004 -24"><span class='ocrx_word' id='word_1_21' title='bbox 341 1199 484 1266; x_wconf 89' lang='lat' dir='ltr'>rusticus</span> <span class='ocrx_word' id='word_1_22' title='bbox 514 1199 566 1264; x_wconf 88' lang='lat' dir='ltr'>vir</span> <span class='ocrx_word' id='word_1_23' title='bbox 593 1200 798 1286; x_wconf 82' lang='lat' dir='ltr'>grandaevus,</span> <span class='ocrx_word' id='word_1_24' title='bbox 825 1201 927 1266; x_wconf 89' lang='lat' dir='ltr'>barba</span> <span class='ocrx_word' id='word_1_25' title='bbox 952 1201 1047 1267; x_wconf 89' lang='lat' dir='ltr'>valde</span> <span class='ocrx_word' id='word_1_26' title='bbox 1071 1203 1198 1288; x_wconf 84' lang='lat' dir='ltr'>prolixa</span> <span class='ocrx_word' id='word_1_27' title='bbox 1221 1203 1384 1268; x_wconf 88' lang='lat' dir='ltr'>barbatus.</span> 
     </span>
     <span class='ocr_line' id='line_1_5' title="bbox 346 1301 1385 1390; baseline 0.004 -24"><span class='ocrx_word' id='word_1_28' title='bbox 346 1301 527 1388; x_wconf 83' lang='lat' dir='ltr'>Assurgens</span> <span class='ocrx_word' id='word_1_29' title='bbox 563 1301 683 1388; x_wconf 89' lang='lat' dir='ltr'>itaque,</span> <span class='ocrx_word' id='word_1_30' title='bbox 713 1307 804 1368; x_wconf 92' lang='lat' dir='ltr'>veste</span> <span class='ocrx_word' id='word_1_31' title='bbox 840 1303 987 1390; x_wconf 89' lang='lat' dir='ltr'>deposita</span> <span class='ocrx_word' id='word_1_32' title='bbox 1025 1305 1061 1368; x_wconf 90' lang='lat' dir='ltr'>in</span> <span class='ocrx_word' id='word_1_33' title='bbox 1097 1304 1212 1384; x_wconf 86' lang='lat' dir='ltr'>medio,</span> <span class='ocrx_word' id='word_1_34' title='bbox 1248 1305 1385 1370; x_wconf 51' lang='lat' dir='ltr'>¹barbam</span> 
     </span>
     <span class='ocr_line' id='line_1_6' title="bbox 347 1403 1386 1496; baseline 0.004 -26"><span class='ocrx_word' id='word_1_35' title='bbox 347 1407 511 1492; x_wconf 83' lang='lat' dir='ltr'>propriam</span> <span class='ocrx_word' id='word_1_36' title='bbox 521 1403 685 1470; x_wconf 73' lang='lat' dir='ltr'><strong>concludit</strong></span> <span class='ocrx_word' id='word_1_37' title='bbox 696 1405 804 1490; x_wconf 88' lang='lat' dir='ltr'>palmo</span> <span class='ocrx_word' id='word_1_38' title='bbox 817 1431 825 1486; x_wconf 89' lang='lat'>;</span> <span class='ocrx_word' id='word_1_39' title='bbox 840 1407 933 1472; x_wconf 87' lang='lat' dir='ltr'>“Per</span> <span class='ocrx_word' id='word_1_40' title='bbox 948 1407 1075 1488; x_wconf 80' lang='lat' dir='ltr'>istam,”</span> <span class='ocrx_word' id='word_1_41' title='bbox 1087 1409 1207 1496; x_wconf 90' lang='lat' dir='ltr'>inquit,</span> <span class='ocrx_word' id='word_1_42' title='bbox 1224 1409 1386 1474; x_wconf 84' lang='lat' dir='ltr'>“barbam</span> 
     </span>
     <span class='ocr_line' id='line_1_7' title="bbox 349 1507 1387 1598; baseline 0.008 -26"><span class='ocrx_word' id='word_1_43' title='bbox 349 1515 365 1544; x_wconf 90' lang='lat'><strong>“</strong></span> <span class='ocrx_word' id='word_1_44' title='bbox 388 1513 537 1574; x_wconf 88' lang='lat' dir='ltr'>sanctum</span> <span class='ocrx_word' id='word_1_45' title='bbox 568 1507 720 1590; x_wconf 83' lang='lat' dir='ltr'>auferam,</span> <span class='ocrx_word' id='word_1_46' title='bbox 752 1509 830 1596; x_wconf 88' lang='lat' dir='ltr'>quia</span> <span class='ocrx_word' id='word_1_47' title='bbox 860 1533 932 1574; x_wconf 91' lang='lat' dir='ltr'>mea</span> <span class='ocrx_word' id='word_1_48' title='bbox 962 1517 1011 1578; x_wconf 92' lang='lat' dir='ltr'>est</span> <span class='ocrx_word' id='word_1_49' title='bbox 1042 1517 1138 1592; x_wconf 90' lang='lat' dir='ltr'>terra,</span> <span class='ocrx_word' id='word_1_50' title='bbox 1169 1517 1203 1576; x_wconf 92' lang='lat' dir='ltr'>et</span> <span class='ocrx_word' id='word_1_51' title='bbox 1233 1535 1292 1598; x_wconf 84' lang='lat' dir='ltr'>ego</span> <span class='ocrx_word' id='word_1_52' title='bbox 1316 1531 1387 1580; x_wconf 82' lang='lat' dir='ltr'>eam</span> 
     </span>
     <span class='ocr_line' id='line_1_8' title="bbox 350 1609 1387 1698; baseline 0.006 -22"><span class='ocrx_word' id='word_1_53' title='bbox 350 1610 570 1698; x_wconf 89' lang='lat' dir='ltr'>“possidebo</span> <span class='ocrx_word' id='word_1_54' title='bbox 592 1611 667 1697; x_wconf 87' lang='lat' dir='ltr'>jure</span> <span class='ocrx_word' id='word_1_55' title='bbox 697 1609 935 1678; x_wconf 50' lang='lat' dir='ltr'>haereditario?</span> <span class='ocrx_word' id='word_1_56' title='bbox 997 1615 1026 1680; x_wconf 92' lang='lat' dir='ltr'>O</span> <span class='ocrx_word' id='word_1_57' title='bbox 1055 1615 1140 1678; x_wconf 88' lang='lat' dir='ltr'>mira</span> <span class='ocrx_word' id='word_1_58' title='bbox 1164 1613 1229 1680; x_wconf 87' lang='lat' dir='ltr'>Dei</span> <span class='ocrx_word' id='word_1_59' title='bbox 1258 1613 1387 1682; x_wconf 81' lang='lat' dir='ltr'>virtus!</span> 
     </span>
     <span class='ocr_line' id='line_1_9' title="bbox 350 1705 1428 1796; baseline 0.004 -18"><span class='ocrx_word' id='word_1_60' title='bbox 350 1713 417 1778; x_wconf 82' lang='lat' dir='ltr'>Vix</span> <span class='ocrx_word' id='word_1_61' title='bbox 431 1713 584 1778; x_wconf 86' lang='lat' dir='ltr'>emissum</span> <span class='ocrx_word' id='word_1_62' title='bbox 607 1713 791 1780; x_wconf 91' lang='lat' dir='ltr'>evolaverat</span> <span class='ocrx_word' id='word_1_63' title='bbox 814 1715 960 1796; x_wconf 88' lang='lat' dir='ltr'>verbum,</span> <span class='ocrx_word' id='word_1_64' title='bbox 977 1723 1011 1782; x_wconf 91' lang='lat' dir='ltr'>et</span> <span class='ocrx_word' id='word_1_65' title='bbox 1034 1739 1104 1782; x_wconf 89' lang='lat' dir='ltr'>ecce</span> <span class='ocrx_word' id='word_1_66' title='bbox 1127 1721 1232 1782; x_wconf 83' lang='lat' dir='ltr'>totam</span> <span class='ocrx_word' id='word_1_67' title='bbox 1254 1717 1389 1782; x_wconf 87' lang='lat' dir='ltr'>barbam</span> <span class='ocrx_word' id='word_1_68' title='bbox 1427 1705 1428 1708; x_wconf 22' lang='lat'>¹</span> 
     </span>
     <span class='ocr_line' id='line_1_10' title="bbox 350 1817 1392 1904; baseline 0.004 -22"><span class='ocrx_word' id='word_1_69' title='bbox 350 1839 454 1882; x_wconf 87' lang='lat' dir='ltr'>coram</span> <span class='ocrx_word' id='word_1_70' title='bbox 477 1817 602 1884; x_wconf 88' lang='lat' dir='ltr'>cunctis</span> <span class='ocrx_word' id='word_1_71' title='bbox 622 1817 747 1904; x_wconf 87' lang='lat' dir='ltr'>lapsam</span> <span class='ocrx_word' id='word_1_72' title='bbox 769 1819 817 1884; x_wconf 89' lang='lat' dir='ltr'>ita</span> <span class='ocrx_word' id='word_1_73' title='bbox 839 1819 976 1904; x_wconf 87' lang='lat' dir='ltr'>projecit</span> <span class='ocrx_word' id='word_1_74' title='bbox 999 1819 1041 1882; x_wconf 92' lang='lat' dir='ltr'>ad</span> <span class='ocrx_word' id='word_1_75' title='bbox 1063 1823 1185 1884; x_wconf 90' lang='lat' dir='ltr'>terram</span> <span class='ocrx_word' id='word_1_76' title='bbox 1207 1819 1272 1884; x_wconf 87' lang='lat' dir='ltr'>acsi</span> <span class='ocrx_word' id='word_1_77' title='bbox 1295 1839 1392 1904; x_wconf 86' lang='lat' dir='ltr'>appo·</span> 
     </span>
     <span class='ocr_line' id='line_1_11' title="bbox 350 1921 1391 2008; baseline 0 -20"><span class='ocrx_word' id='word_1_78' title='bbox 350 1921 414 1988; x_wconf 91' lang='lat' dir='ltr'>sita</span> <span class='ocrx_word' id='word_1_79' title='bbox 435 1927 527 2000; x_wconf 87' lang='lat' dir='ltr'>esset,</span> <span class='ocrx_word' id='word_1_80' title='bbox 557 1943 624 1988; x_wconf 86' lang='lat' dir='ltr'>non</span> <span class='ocrx_word' id='word_1_81' title='bbox 654 1923 849 1988; x_wconf 69' lang='lat' dir='ltr'>naturaliter</span> <span class='ocrx_word' id='word_1_82' title='bbox 879 1927 966 1990; x_wconf 88' lang='lat' dir='ltr'>nata.</span> <span class='ocrx_word' id='word_1_83' title='bbox 1025 1921 1233 2008; x_wconf 75' lang='lat' dir='ltr'>Obstupuere</span> <span class='ocrx_word' id='word_1_84' title='bbox 1262 1943 1391 2004; x_wconf 73' lang='lat' dir='ltr'>omnes,</span> 
     </span>
     <span class='ocr_line' id='line_1_12' title="bbox 350 2022 1392 2110; baseline 0 -20"><span class='ocrx_word' id='word_1_85' title='bbox 350 2027 464 2090; x_wconf 92' lang='lat' dir='ltr'>vident</span> <span class='ocrx_word' id='word_1_86' title='bbox 486 2023 645 2094; x_wconf 88' lang='lat' dir='ltr'>annosum</span> <span class='ocrx_word' id='word_1_87' title='bbox 659 2025 818 2092; x_wconf 85' lang='lat' dir='ltr'>rusticum</span> <span class='ocrx_word' id='word_1_88' title='bbox 833 2027 901 2092; x_wconf 87' lang='lat' dir='ltr'>sine</span> <span class='ocrx_word' id='word_1_89' title='bbox 924 2025 1028 2090; x_wconf 90' lang='lat' dir='ltr'>barba</span> <span class='ocrx_word' id='word_1_90' title='bbox 1049 2027 1210 2090; x_wconf 88' lang='lat' dir='ltr'>universi:</span> <span class='ocrx_word' id='word_1_91' title='bbox 1235 2022 1392 2110; x_wconf 86' lang='lat' dir='ltr'>quosdam</span> 
     </span>
     <span class='ocr_line' id='line_1_13' title="bbox 350 2123 1393 2210; baseline 0.002 -18"><span class='ocrx_word' id='word_1_92' title='bbox 350 2129 408 2208; x_wconf 89' lang='lat' dir='ltr'>ira,</span> <span class='ocrx_word' id='word_1_93' title='bbox 438 2129 517 2194; x_wconf 90' lang='lat' dir='ltr'>alios</span> <span class='ocrx_word' id='word_1_94' title='bbox 548 2129 648 2210; x_wconf 88' lang='lat' dir='ltr'>dolor,</span> <span class='ocrx_word' id='word_1_95' title='bbox 680 2151 790 2194; x_wconf 88' lang='lat' dir='ltr'>omnes</span> <span class='ocrx_word' id='word_1_96' title='bbox 822 2129 953 2194; x_wconf 89' lang='lat' dir='ltr'>demum</span> <span class='ocrx_word' id='word_1_97' title='bbox 983 2133 1170 2194; x_wconf 89' lang='lat' dir='ltr'>commovet</span> <span class='ocrx_word' id='word_1_98' title='bbox 1194 2127 1285 2192; x_wconf 87' lang='lat' dir='ltr'>risus.</span> <span class='ocrx_word' id='word_1_99' title='bbox 1340 2123 1393 2194; x_wconf 77' lang='lat' dir='ltr'>Sic</span> 
     </span>
     <span class='ocr_line' id='line_1_14' title="bbox 352 2225 1394 2320; baseline 0.001 -24"><span class='ocrx_word' id='word_1_100' title='bbox 352 2233 409 2318; x_wconf 88' lang='lat' dir='ltr'>qui</span> <span class='ocrx_word' id='word_1_101' title='bbox 439 2231 577 2296; x_wconf 87' lang='lat' dir='ltr'>alienam</span> <span class='ocrx_word' id='word_1_102' title='bbox 607 2231 727 2318; x_wconf 87' lang='lat' dir='ltr'>injuste</span> <span class='ocrx_word' id='word_1_103' title='bbox 767 2233 933 2320; x_wconf 82' lang='lat' dir='ltr'>cupiverat</span> <span class='ocrx_word' id='word_1_104' title='bbox 971 2231 1127 2296; x_wconf 88' lang='lat' dir='ltr'>invadere</span> <span class='ocrx_word' id='word_1_105' title='bbox 1159 2235 1290 2312; x_wconf 85' lang='lat' dir='ltr'>terram,</span> <span class='ocrx_word' id='word_1_106' title='bbox 1320 2225 1394 2312; x_wconf 87' lang='lat' dir='ltr'>jure</span> 
     </span>
     <span class='ocr_line' id='line_1_15' title="bbox 351 2333 1395 2422; baseline -0.002 -21"><span class='ocrx_word' id='word_1_107' title='bbox 351 2357 425 2402; x_wconf 88' lang='lat' dir='ltr'>oum</span> <span class='ocrx_word' id='word_1_108' title='bbox 447 2335 517 2422; x_wconf 89' lang='lat' dir='ltr'>ipsa</span> <span class='ocrx_word' id='word_1_109' title='bbox 540 2339 628 2400; x_wconf 90' lang='lat' dir='ltr'>terra</span> <span class='ocrx_word' id='word_1_110' title='bbox 650 2337 815 2422; x_wconf 91' lang='lat' dir='ltr'>propriam</span> <span class='ocrx_word' id='word_1_111' title='bbox 838 2334 984 2422; x_wconf 88' lang='lat' dir='ltr'>perdidit</span> <span class='ocrx_word' id='word_1_112' title='bbox 1009 2335 1153 2400; x_wconf 83' lang='lat' dir='ltr'>barbam,</span> <span class='ocrx_word' id='word_1_113' title='bbox 1199 2333 1262 2396; x_wconf 90' lang='lat' dir='ltr'>Per</span> <span class='ocrx_word' id='word_1_114' title='bbox 1285 2333 1395 2400; x_wconf 88' lang='lat' dir='ltr'>omnia</span> 
     </span>
     <span class='ocr_line' id='line_1_16' title="bbox 352 2429 1398 2576; baseline -0.002 -72"><span class='ocrx_word' id='word_1_115' title='bbox 352 2429 539 2504; x_wconf 87' lang='lat' dir='ltr'>benedictus</span> <span class='ocrx_word' id='word_1_116' title='bbox 570 2439 669 2518; x_wconf 88' lang='lat' dir='ltr'>Deus,</span> <span class='ocrx_word' id='word_1_117' title='bbox 695 2439 798 2520; x_wconf 72' lang='lat' dir='ltr'>Qui</span> <span class='ocrx_word' id='word_1_118' title='bbox 789 2463 827 2506; x_wconf 91' lang='lat' dir='ltr'>m</span> <span class='ocrx_word' id='word_1_119' title='bbox 857 2441 981 2506; x_wconf 86' lang='lat' dir='ltr'>sanctis</span> <span class='ocrx_word' id='word_1_120' title='bbox 1012 2443 1046 2504; x_wconf 93' lang='lat' dir='ltr'>et</span> <span class='ocrx_word' id='word_1_121' title='bbox 1076 2461 1134 2576; x_wconf 88' lang='lat' dir='ltr'>per</span> <span class='ocrx_word' id='word_1_122' title='bbox 1165 2441 1294 2504; x_wconf 86' lang='lat' dir='ltr'>sanctos</span> <span class='ocrx_word' id='word_1_123' title='bbox 1324 2455 1398 2504; x_wconf 89' lang='lat' dir='ltr'>suos</span> 
     </span>
     <span class='ocr_line' id='line_1_17' title="bbox 354 2541 624 2640; baseline 0 -32"><span class='ocrx_word' id='word_1_124' title='bbox 354 2541 435 2634; x_wconf 87' lang='lat' dir='ltr'>talia</span> <span class='ocrx_word' id='word_1_125' title='bbox 461 2547 624 2640; x_wconf 88' lang='lat' dir='ltr'>operatur</span> 
     </span>
    </p>
   </div>
   <div class='ocr_carea' id='block_1_3' title="bbox 357 3027 1400 3226">
    <p class='ocr_par' dir='ltr' id='par_1_3' title="bbox 357 3027 1400 3226">
     <span class='ocr_line' id='line_1_18' title="bbox 357 3027 1400 3126; baseline -0.002 -24"><span class='ocrx_word' id='word_1_126' title='bbox 357 3035 406 3102; x_wconf 87' lang='lat' dir='ltr'>Do</span> <span class='ocrx_word' id='word_1_127' title='bbox 440 3027 509 3100; x_wconf 80' lang='lat' dir='ltr'>ulio</span> <span class='ocrx_word' id='word_1_128' title='bbox 532 3029 657 3098; x_wconf 78' lang='lat' dir='ltr'>rustico</span> <span class='ocrx_word' id='word_1_129' title='bbox 696 3027 757 3120; x_wconf 77' lang='lat' dir='ltr'>pud</span> <span class='ocrx_word' id='word_1_130' title='bbox 792 3055 900 3122; x_wconf 74' lang='lat' dir='ltr'>paura</span> <span class='ocrx_word' id='word_1_131' title='bbox 929 3033 1092 3126; x_wconf 72' lang='lat' dir='ltr'>perjurio</span> <span class='ocrx_word' id='word_1_132' title='bbox 1120 3043 1247 3102; x_wconf 80' lang='lat' dir='ltr'>terrum</span> <span class='ocrx_word' id='word_1_133' title='bbox 1280 3033 1400 3104; x_wconf 75' lang='lat' dir='ltr'>Sancti</span> 
     </span>
     <span class='ocr_line' id='line_1_19' title="bbox 446 3135 1267 3226; baseline 0.001 -22"><span class='ocrx_word' id='word_1_134' title='bbox 446 3137 579 3224; x_wconf 80' lang='lat' dir='ltr'>auferre</span> <span class='ocrx_word' id='word_1_135' title='bbox 605 3135 706 3218; x_wconf 81' lang='lat' dir='ltr'>uellet,</span> <span class='ocrx_word' id='word_1_136' title='bbox 725 3137 911 3226; x_wconf 73' lang='lat' dir='ltr'>propriosne</span> <span class='ocrx_word' id='word_1_137' title='bbox 936 3139 1123 3206; x_wconf 81' lang='lat' dir='ltr'>cerebrum¹</span> <span class='ocrx_word' id='word_1_138' title='bbox 1141 3137 1267 3224; x_wconf 82' lang='lat' dir='ltr'>offudit.</span> 
     </span>
    </p>
   </div>
   <div class='ocr_carea' id='block_1_4' title="bbox 195 3353 1403 3478">
    <p class='ocr_par' dir='ltr' id='par_1_4' title="bbox 195 3353 1403 3478">
     <span class='ocr_line' id='line_1_20' title="bbox 195 3353 1403 3478; baseline 0.006 -63"><span class='ocrx_word' id='word_1_139' title='bbox 195 3359 348 3478; x_wconf 53' lang='lat' dir='ltr'>fflffls</span> <span class='ocrx_word' id='word_1_140' title='bbox 405 3353 577 3434; x_wconf 80' lang='lat' dir='ltr'>Quidam</span> <span class='ocrx_word' id='word_1_141' title='bbox 568 3377 603 3418; x_wconf 89' lang='lat' dir='ltr'>m</span> <span class='ocrx_word' id='word_1_142' title='bbox 618 3353 725 3420; x_wconf 88' lang='lat' dir='ltr'>vicino</span> <span class='ocrx_word' id='word_1_143' title='bbox 741 3353 880 3424; x_wconf 83' lang='lat' dir='ltr'>rusticus</span> <span class='ocrx_word' id='word_1_144' title='bbox 897 3363 975 3436; x_wconf 88' lang='lat' dir='ltr'>erat,</span> <span class='ocrx_word' id='word_1_145' title='bbox 999 3365 1037 3426; x_wconf 87' lang='lat' dir='ltr'>ut</span> <span class='ocrx_word' id='word_1_146' title='bbox 1060 3357 1094 3424; x_wconf 91' lang='lat' dir='ltr'>id</span> <span class='ocrx_word' id='word_1_147' title='bbox 1109 3355 1278 3422; x_wconf 88' lang='lat' dir='ltr'>hominum</span> <span class='ocrx_word' id='word_1_148' title='bbox 1301 3377 1403 3446; x_wconf 79' lang='lat' dir='ltr'>genus</span> 
     </span>
    </p>
   </div>
   <div class='ocr_carea' id='block_1_5' title="bbox 152 3457 1409 4370">
    <p class='ocr_par' dir='ltr' id='par_1_5' title="bbox 152 3457 1409 4166">
     <span class='ocr_line' id='line_1_21' title="bbox 197 3457 1403 3560; baseline 0 -34"><span class='ocrx_word' id='word_1_149' title='bbox 197 3501 313 3560; x_wconf 56' lang='lat' dir='ltr'>„um</span> <span class='ocrx_word' id='word_1_150' title='bbox 361 3459 477 3546; x_wconf 85' lang='lat' dir='ltr'>saepius</span> <span class='ocrx_word' id='word_1_151' title='bbox 500 3481 533 3524; x_wconf 92' lang='lat' dir='ltr'>se</span> <span class='ocrx_word' id='word_1_152' title='bbox 555 3457 663 3538; x_wconf 90' lang='lat' dir='ltr'>habet,</span> <span class='ocrx_word' id='word_1_153' title='bbox 695 3461 840 3526; x_wconf 87' lang='lat' dir='ltr'>moribus</span> <span class='ocrx_word' id='word_1_154' title='bbox 862 3463 999 3548; x_wconf 85' lang='lat' dir='ltr'>agrestis</span> <span class='ocrx_word' id='word_1_155' title='bbox 1022 3467 1055 3528; x_wconf 89' lang='lat' dir='ltr'>et</span> <span class='ocrx_word' id='word_1_156' title='bbox 1078 3461 1327 3550; x_wconf 85' lang='lat' dir='ltr'>(intemperanti</span> <span class='ocrx_word' id='word_1_157' title='bbox 1350 3483 1403 3526; x_wconf 89' lang='lat' dir='ltr'>cu-</span> 
     </span>
     <span class='ocr_line' id='line_1_22' title="bbox 196 3561 1404 3678; baseline 0 -50"><span class='ocrx_word' id='word_1_158' title='bbox 196 3577 303 3678; x_wconf 51' lang='lat' dir='ltr'>”pund</span> <span class='ocrx_word' id='word_1_159' title='bbox 266 3563 322 3612; x_wconf 68' lang='lat' dir='ltr'>Wh⁰</span> <span class='ocrx_word' id='word_1_160' title='bbox 361 3561 514 3654; x_wconf 86' lang='lat' dir='ltr'>piditate)</span> <span class='ocrx_word' id='word_1_161' title='bbox 530 3585 623 3648; x_wconf 83' lang='lat' dir='ltr'>parm</span> <span class='ocrx_word' id='word_1_162' title='bbox 613 3563 720 3628; x_wconf 89' lang='lat' dir='ltr'>lucri</span> <span class='ocrx_word' id='word_1_163' title='bbox 734 3567 843 3650; x_wconf 86' lang='lat' dir='ltr'>gratia</span> <span class='ocrx_word' id='word_1_164' title='bbox 857 3564 899 3630; x_wconf 88' lang='lat' dir='ltr'>ad</span> <span class='ocrx_word' id='word_1_165' title='bbox 914 3589 1008 3630; x_wconf 89' lang='lat' dir='ltr'>omne</span> <span class='ocrx_word' id='word_1_166' title='bbox 1024 3567 1147 3630; x_wconf 89' lang='lat' dir='ltr'>malum</span> <span class='ocrx_word' id='word_1_167' title='bbox 1162 3587 1283 3652; x_wconf 88' lang='lat' dir='ltr'>pronus</span> <span class='ocrx_word' id='word_1_168' title='bbox 1306 3571 1404 3650; x_wconf 90' lang='lat' dir='ltr'>atque</span> 
     </span>
     <span class='ocr_line' id='line_1_23' title="bbox 197 3631 1405 3756; baseline -0.002 -24.036"><span class='ocrx_word' id='word_1_169' title='bbox 197 3631 327 3746; x_wconf 59' lang='lat' dir='ltr'>iaffieffl</span> <span class='ocrx_word' id='word_1_170' title='bbox 362 3665 506 3734; x_wconf 78' lang='lat' dir='ltr'>infrenis,</span> <span class='ocrx_word' id='word_1_171' title='bbox 567 3665 701 3732; x_wconf 82' lang='lat' dir='ltr'>Exarsit</span> <span class='ocrx_word' id='word_1_172' title='bbox 737 3665 786 3734; x_wconf 91' lang='grc'>1111</span> <span class='ocrx_word' id='word_1_173' title='bbox 824 3669 952 3734; x_wconf 90' lang='lat' dir='ltr'>animus</span> <span class='ocrx_word' id='word_1_174' title='bbox 989 3669 1031 3734; x_wconf 91' lang='lat' dir='ltr'>ad</span> <span class='ocrx_word' id='word_1_175' title='bbox 1067 3667 1335 3734; x_wconf 86' lang='lat' dir='ltr'>invadendam</span> <span class='ocrx_word' id='word_1_176' title='bbox 1322 3669 1405 3756; x_wconf 75' lang='lat' dir='ltr'>Juris</span> 
     </span>
     <span class='ocr_line' id='line_1_24' title="bbox 196 3761 1407 3892; baseline -0.002 -56"><span class='ocrx_word' id='word_1_177' title='bbox 196 3761 297 3892; x_wconf 45' lang='grc' dir='ltr'>ῗὴζξθ</span> <span class='ocrx_word' id='word_1_178' title='bbox 365 3771 504 3836; x_wconf 82' lang='lat' dir='ltr'>ecclesiae</span> <span class='ocrx_word' id='word_1_179' title='bbox 533 3771 621 3836; x_wconf 89' lang='lat' dir='ltr'>beati</span> <span class='ocrx_word' id='word_1_180' title='bbox 645 3773 790 3860; x_wconf 86' lang='lat' dir='ltr'>praesulis</span> <span class='ocrx_word' id='word_1_181' title='bbox 821 3771 969 3858; x_wconf 79' lang='lat' dir='ltr'>Ecgwini</span> <span class='ocrx_word' id='word_1_182' title='bbox 998 3774 1161 3838; x_wconf 91' lang='lat' dir='ltr'>terrulam</span> <span class='ocrx_word' id='word_1_183' title='bbox 1223 3771 1407 3860; x_wconf 82' lang='lat' dir='ltr'>Appetivit,</span> 
     </span>
     <span class='ocr_line' id='line_1_25' title="bbox 152 3873 1407 3962; baseline 0 -24"><span class='ocrx_word' id='word_1_184' title='bbox 152 3919 154 3924; x_wconf 90' lang='lat'>-</span> <span class='ocrx_word' id='word_1_185' title='bbox 247 3881 248 3886; x_wconf 76' lang='grc'>’</span> <span class='ocrx_word' id='word_1_186' title='bbox 365 3873 544 3962; x_wconf 88' lang='lat' dir='ltr'>appetendo</span> <span class='ocrx_word' id='word_1_187' title='bbox 576 3873 744 3958; x_wconf 78' lang='lat' dir='ltr'>surripuit,</span> <span class='ocrx_word' id='word_1_188' title='bbox 781 3873 983 3960; x_wconf 88' lang='lat' dir='ltr'>surripiendo</span> <span class='ocrx_word' id='word_1_189' title='bbox 1007 3873 1159 3956; x_wconf 83' lang='lat' dir='ltr'>invasit,</span> <span class='ocrx_word' id='word_1_190' title='bbox 1195 3879 1229 3940; x_wconf 93' lang='lat' dir='ltr'>et</span> <span class='ocrx_word' id='word_1_191' title='bbox 1257 3875 1407 3940; x_wconf 88' lang='lat' dir='ltr'>invasam</span> 
     </span>
     <span class='ocr_line' id='line_1_26' title="bbox 361 3975 1407 4064; baseline 0 -24"><span class='ocrx_word' id='word_1_192' title='bbox 361 3977 442 4064; x_wconf 88' lang='lat' dir='ltr'>juris</span> <span class='ocrx_word' id='word_1_193' title='bbox 473 3977 523 4042; x_wconf 88' lang='lat' dir='ltr'>sui</span> <span class='ocrx_word' id='word_1_194' title='bbox 550 3977 621 4062; x_wconf 85' lang='lat' dir='ltr'>jam</span> <span class='ocrx_word' id='word_1_195' title='bbox 649 3999 716 4042; x_wconf 86' lang='lat' dir='ltr'>esse</span> <span class='ocrx_word' id='word_1_196' title='bbox 746 3977 869 4042; x_wconf 87' lang='lat' dir='ltr'>rustica</span> <span class='ocrx_word' id='word_1_197' title='bbox 900 3977 1131 4064; x_wconf 85' lang='lat' dir='ltr'>pervicacitate</span> <span class='ocrx_word' id='word_1_198' title='bbox 1157 3975 1269 4062; x_wconf 87' lang='lat' dir='ltr'>jurare</span> <span class='ocrx_word' id='word_1_199' title='bbox 1300 3977 1407 4062; x_wconf 86' lang='lat' dir='ltr'>coepit.</span> 
     </span>
     <span class='ocr_line' id='line_1_27' title="bbox 365 4077 1409 4166; baseline -0.002 -22"><span class='ocrx_word' id='word_1_200' title='bbox 365 4077 600 4160; x_wconf 78' lang='lat' dir='ltr'>Calumniator,</span> <span class='ocrx_word' id='word_1_201' title='bbox 625 4079 757 4166; x_wconf 87' lang='lat' dir='ltr'>pejerat,</span> <span class='ocrx_word' id='word_1_202' title='bbox 782 4101 819 4144; x_wconf 89' lang='lat' dir='ltr'>ac</span> <span class='ocrx_word' id='word_1_203' title='bbox 833 4077 1001 4166; x_wconf 74' lang='lat' dir='ltr'>pejerare²</span> <span class='ocrx_word' id='word_1_204' title='bbox 1025 4101 1091 4144; x_wconf 88' lang='lat' dir='ltr'>non</span> <span class='ocrx_word' id='word_1_205' title='bbox 1107 4083 1217 4144; x_wconf 87' lang='lat' dir='ltr'>cessat</span> <span class='ocrx_word' id='word_1_206' title='bbox 1264 4077 1409 4142; x_wconf 85' lang='lat' dir='ltr'>Tandem</span> 
     </span>
    </p>

    <p class='ocr_par' dir='ltr' id='par_1_6' title="bbox 364 4181 1408 4268">
     <span class='ocr_line' id='line_1_28' title="bbox 364 4181 1408 4268; baseline 0 -24"><span class='ocrx_word' id='word_1_207' title='bbox 364 4181 401 4244; x_wconf 87' lang='grc'>111</span> <span class='ocrx_word' id='word_1_208' title='bbox 430 4205 562 4246; x_wconf 87' lang='lat' dir='ltr'>causam</span> <span class='ocrx_word' id='word_1_209' title='bbox 594 4203 644 4244; x_wconf 89' lang='lat' dir='ltr'>res</span> <span class='ocrx_word' id='word_1_210' title='bbox 675 4181 816 4268; x_wconf 88' lang='lat' dir='ltr'>ponitur,</span> <span class='ocrx_word' id='word_1_211' title='bbox 844 4187 878 4246; x_wconf 92' lang='lat' dir='ltr'>et</span> <span class='ocrx_word' id='word_1_212' title='bbox 908 4181 1113 4266; x_wconf 87' lang='lat' dir='ltr'>altercationi</span> <span class='ocrx_word' id='word_1_213' title='bbox 1136 4181 1214 4246; x_wconf 92' lang='lat' dir='ltr'>huic</span> <span class='ocrx_word' id='word_1_214' title='bbox 1238 4181 1408 4246; x_wconf 75' lang='lat' dir='ltr'>audiendas</span> 
     </span>
    </p>

    <p class='ocr_par' dir='ltr' id='par_1_7' title="bbox 365 4282 1409 4370">
     <span class='ocr_line' id='line_1_29' title="bbox 365 4282 1409 4370; baseline 0 -24"><span class='ocrx_word' id='word_1_215' title='bbox 365 4305 403 4346; x_wconf 88' lang='lat' dir='ltr'>ac</span> <span class='ocrx_word' id='word_1_216' title='bbox 425 4282 618 4348; x_wconf 73' lang='lat' dir='ltr'>definienda</span> <span class='ocrx_word' id='word_1_217' title='bbox 635 4283 702 4346; x_wconf 85' lang='lat' dir='ltr'>dies</span> <span class='ocrx_word' id='word_1_218' title='bbox 718 4283 885 4350; x_wconf 89' lang='lat' dir='ltr'>statuitur.</span> <span class='ocrx_word' id='word_1_219' title='bbox 932 4283 1120 4348; x_wconf 84' lang='lat' dir='ltr'>Sanxerunt</span> <span class='ocrx_word' id='word_1_220' title='bbox 1135 4305 1211 4370; x_wconf 82' lang='lat' dir='ltr'>ergo</span> <span class='ocrx_word' id='word_1_221' title='bbox 1222 4283 1347 4368; x_wconf 85' lang='lat' dir='ltr'>judices</span> <span class='ocrx_word' id='word_1_222' title='bbox 1370 4285 1409 4346; x_wconf 93' lang='lat' dir='ltr'>ut</span> 
     </span>
    </p>
   </div>
   <div class='ocr_carea' id='block_1_6' title="bbox 368 4385 1410 4472">
    <p class='ocr_par' dir='ltr' id='par_1_8' title="bbox 368 4385 1410 4472">
     <span class='ocr_line' id='line_1_30' title="bbox 368 4385 1410 4472; baseline 0 -24"><span class='ocrx_word' id='word_1_223' title='bbox 368 4385 420 4448; x_wconf 87' lang='lat' dir='ltr'>die</span> <span class='ocrx_word' id='word_1_224' title='bbox 435 4389 560 4470; x_wconf 88' lang='lat' dir='ltr'>statuto</span> <span class='ocrx_word' id='word_1_225' title='bbox 575 4385 716 4450; x_wconf 86' lang='lat' dir='ltr'>rusticus</span> <span class='ocrx_word' id='word_1_226' title='bbox 729 4385 786 4472; x_wconf 84' lang='grc'>1111</span> <span class='ocrx_word' id='word_1_227' title='bbox 802 4407 898 4472; x_wconf 90' lang='lat' dir='ltr'>super</span> <span class='ocrx_word' id='word_1_228' title='bbox 912 4385 1110 4452; x_wconf 81' lang='lat' dir='ltr'>calumniose</span> <span class='ocrx_word' id='word_1_229' title='bbox 1124 4387 1274 4450; x_wconf 87' lang='lat' dir='ltr'>invasam</span> <span class='ocrx_word' id='word_1_230' title='bbox 1289 4391 1410 4450; x_wconf 86' lang='lat' dir='ltr'>terram</span> 
     </span>
    </p>
   </div>
   <div class='ocr_carea' id='block_1_7' title="bbox 403 4723 1298 4808">
    <p class='ocr_par' dir='ltr' id='par_1_9' title="bbox 403 4723 1298 4808">
     <span class='ocr_line' id='line_1_31' title="bbox 403 4723 1298 4808; baseline 0.004 -22"><span class='ocrx_word' id='word_1_231' title='bbox 403 4735 408 4766; x_wconf 92' lang='lat'>¹</span> <span class='ocrx_word' id='word_1_232' title='bbox 421 4733 552 4800; x_wconf 75' lang='grc'>1111111]</span> <span class='ocrx_word' id='word_1_233' title='bbox 566 4739 729 4798; x_wconf 82' lang='lat' dir='ltr'>cererebrum,</span> <span class='ocrx_word' id='word_1_234' title='bbox 741 4723 797 4790; x_wconf 60' lang='grc'>11151</span> <span class='ocrx_word' id='word_1_235' title='bbox 879 4741 884 4808; x_wconf 74' lang='grc' dir='ltr'><strong>ι</strong></span> <span class='ocrx_word' id='word_1_236' title='bbox 951 4743 960 4772; x_wconf 73' lang='lat'>²</span> <span class='ocrx_word' id='word_1_237' title='bbox 967 4739 1092 4808; x_wconf 59' lang='lat' dir='ltr'>pauore]</span> <span class='ocrx_word' id='word_1_238' title='bbox 1106 4747 1231 4808; x_wconf 82' lang='lat' dir='ltr'>pegerare,</span> <span class='ocrx_word' id='word_1_239' title='bbox 1243 4741 1298 4794; x_wconf 83' lang='lat' dir='ltr'>MS.·</span> 
     </span>
    </p>
   </div>
   <div class='ocr_carea' id='block_1_8' title="bbox 0 0 1697 5666">
    <p class='ocr_par' dir='ltr' id='par_1_10' title="bbox 0 0 1697 5666">
     <span class='ocr_line' id='line_1_32' title="bbox 0 0 1697 5666; baseline 0 0"><span class='ocrx_word' id='word_1_240' title='bbox 0 0 1697 5666; x_wconf 95' lang='lat' dir='ltr'> </span> 
     </span>
    </p>
   </div>
  </div>
 </body>
</html>
