3308 5666
455 691 661 746 ΥσΗΒοΝΙοοΝ
683 689 840 746 renarra
864 693 912 774 nn
934 689 1104 742 nvnsnlu.
1239 683 1304 754 287

257 881 354 956 super
398 893 494 956 quam
541 873 723 938 aedificatur
747 869 1021 936 'ambulatorium
1067 873 1101 934 et
1138 869 1302 956 privatum
1356 913 1422 964 Al).

258 971 493 1040 dormitorium.
555 977 647 1042 Fecit
686 977 785 1042 etiarn
818 973 981 1062 egregiam
1019 971 1128 1036 aulam
1166 973 1305 1052 abbatis,
1319 985 1469 1068 lata-1316*-

257 1079 350 1166 cujus
371 1079 464 1144 muri
491 1101 601 1146 omnes
636 1081 677 1146 (le
708 1079 874 1166 lapidibus
908 1077 1044 1166 perfecti
1070 1081 1167 1156 sunt„
1184 1079 1303 1142 erexit-

258 1205 321 1268 que
355 1203 452 1272 super
484 1183 575 1248 illam
613 1181 774 1248 mirabilis
813 1181 918 1266 operis
953 1185 1117 1246 tecturam
1149 1181 1303 1246 meremio
1354 1271 1355 1274 Ἴ

216 1371 218 1376 Ι
257 1285 380 1352 factam
410 1285 609 1374 plumboque
640 1287 833 1370 coopertam,
858 1289 893 1350 et
916 1283 1079 1370 porticum
1109 1281 1152 1348 ad
1183 1283 1307 1348 ostium

258 1391 342 1454 aulae
378 1389 546 1476 praedictae
584 1409 657 1452 cum
695 1385 794 1464 volta,
834 1391 867 1450 et
905 1407 1003 1472 super
1037 1387 1131 1452 illum
1172 1387 1304 1452 domurn
1380 1385 1381 1390 ’

258 1491 461 1578 receptionis,
485 1489 619 1578 plumbo
652 1487 805 1576 similiter
829 1493 1023 1574 coopertam.
1050 1493 1054 1508 ¹
1082 1489 1171 1556 Huic
1193 1489 1306 1576 itaque
1393 1487 1394 1490 ’

259 1593 354 1660 aulae
389 1593 561 1680 coquinam
606 1593 783 1678 adjunxit,
814 1607 913 1676 quam
942 1591 1004 1656 'de
1037 1591 1212 1684 ,lapidibus
1254 1581 1308 1658 de-
1340 1629 1341 1632 ¹
1388 1601 1389 1606 ’

229 1695 235 1700 ”
259 1701 370 1762 center
398 1701 504 1762 totam
538 1695 680 1782 perfecit.
731 1691 825 1758 Fecit
859 1693 957 1758 etiam
989 1695 1176 1778 pantriam1
1208 1697 1308 1782 juxta

260 1799 441 1886 coquinam,
478 1803 512 1864 et
534 1787 700 1864 cameram
726 1797 856 1862 abbatis
880 1797 1043 1882 depictam
1077 1819 1152 1862 curn
1173 1797 1309 1864 historia
1432 1789 1434 1794 ¹

230 1901 384 1988 ,Joseph
412 1905 495 1968 ‘oum
542 1923 645 1988 parva
684 1899 811 1988 capella
857 1899 922 1964 sibi
960 1921 1091 1964 annexa
1107 1923 1118 1980 ,3
1159 1899 1197 1964 'et
1245 1903 1305 1966 sub
1346 1877 1353 1904 Ι

260 2005 320 2082 hac
368 2027 495 2070 camera
539 2003 631 2074 volta
677 2003 772 2068 fortis
817 1995 972 2088 erigitur,
1024 2003 1082 2068 ubi
1128 2025 1215 2070 nunc
1259 2009 1308 2070 est
1409 2029 1411 2032 ·

260 2109 427 2174 cellarium
464 2107 543 2174 vini.
594 2105 728 2170 ‘Demos
753 2105 927 2170 'similiter
963 2105 1111 2190 pistrinae
1149 2111 1183 2170 et
1200 2175 1203 2180 ἢ
1220 2107 1309 2172 bras-

260 2213 342 2276 cinae
363 2211 495 2284 fortiter
516 2213 549 2276 et
572 2207 762 2296 sumptuose
801 2203 957 2274 aedificari
987 2209 1095 2300 fecit
1130 2209 1221 2274 Duas
1259 2213 1308 2274 in-

260 2335 358 2400 super
389 2333 492 2378 novas
524 2333 669 2378 cameras
710 2313 746 2376 in
783 2309 873 2374 curia
904 2333 946 2374 ex
979 2315 1072 2396 parte
1104 2313 1308 2394 occidentali,

260 2439 303 2484 ex
333 2417 481 2504 opposito
521 2417 604 2480 aulae
634 2413 815 2500 -praedictae‚
859 2435 933 2478 curu
969 2435 1080 2478 earum
1112 2415 1211 2480 voltis
1249 2437 1308 2502 pro
1349 2413 1350 2416 ’
1395 2475 1401 2486 ,

259 2519 444 2606 hospitibus
478 2517 560 2596 fecit,
592 2521 624 2584 et
661 2537 821 2582 cameram
852 2513 1018 2592 cellerarii,
1047 2537 1120 2580 cum
1151 2519 1216 2592 alia
1247 2519 1309 2584 sibi

259 2623 416 2708 adjuncta
446 2643 543 2706 super
562 2643 679 2696 arcum
703 2619 870 2706 lapideum
895 2619 978 2684 bene
1003 2617 1175 2684 aedificata.
1222 2621 1308 2696 Item

260 2725 337 2790 fecit
352 2725 489 2810 longum
512 2719 688 2792 stabulum,
704 2743 749 2786 ex
772 2721 886 2786 eadem
906 2725 1008 2806 parte,
1034 2735 1094 2806 pro
1114 2723 1308 2808 hospitibus,

258 2829 345 2920 bene
367 2823 599 2892 constructum.
646 2825 798 2910 Longum
822 2823 935 2908 itaque
960 2811 1128 2888 stabulum
1152 2847 1195 2888 ex
1218 2831 1309 2912 parte

261 2929 441 3018 aquilonali
466 2927 616 2994 indicta
641 2927 730 2992 curia
757 2947 815 3012 pro
832 2925 994 2990 officiarii·
1021 2927 1216 3014 deputatum
1241 2929 1309 3014 ejus
1353 2951 1375 2962 ³

261 3041 407 3120 tempore
427 3037 465 3098 et
489 3031 653 3118 adjutorio
669 3029 870 3096 aedificatum
890 3031 948 3124 est.
994 3029 1195 3098 Pitantiaria
1211 3033 1309 3098 etiam

261 3135 440 3224 coquinarii
455 3157 530 3200 curn
552 3133 651 3212 volta,
668 3139 814 3216 etsuper
837 3129 929 3194 illam
953 3131 1035 3196 aula
1052 3155 1111 3218 pro
1125 3131 1309 3220 hospitibus
1368 3197 1369 3200 ,

262 3241 456 3320 constructa,
480 3237 549 3322 ejus
578 3239 723 3320 tempore
754 3239 788 3298 et
819 3233 943 3296 auxilio
969 3233 1132 3298 aedificata
1162 3239 1237 3320 est3
1277 3241 1309 3302 et
1422 3281 1423 3284 =

182 3373 183 3376 ¹
239 3341 434 3428 ,coquinam
458 3341 639 3404 conventus
658 3335 759 3422 juxta
773 3335 954 3420 coquinam
977 3335 1107 3400 abbatis
1132 3335 1309 3404 aedificavit

188 3489 189 3492 =
263 3449 363 3532 atque
385 3443 527 3530 perfecit.
574 3439 656 3514 Octo
683 3439 783 3504 etiam
808 3437 960 3524 grangias
983 3443 1197 3534 sumptuosas,
1225 3441 1310 3506 sicut

262 3551 429 3636 apparent,
454 3565 512 3630 per
536 3543 681 3606 maneria
706 3539 826 3608 constit
853 3539 888 3618 t,
911 3539 1072 3620 videlicet,
1096 3565 1197 3606 unam
1212 3543 1311 3628 ³apud

263 3649 426 3732 Evesharu
438 3649 474 3710 in
486 3647 630 3710 Bertona
645 3667 703 3731 pro
716 3643 836 3710 hordeo
851 3643 1056 3728 imponendo,
1070 3643 1206 3738 alteram
1223 3645 1310 3732 apud

264 3753 429 3830 Uffenam‚
461 3749 597 3814 alteram
627 3749 716 3834 apud
748 3745 957 3810 Luttultone¹
973 3747 1140 3832 optimam,
1171 3749 1308 3816 alteram

264 3853 353 3942 apud
383 3851 597 3940 Honyborne‚
628 3847 726 3912 aliarn
749 3847 845 3932 apud
876 3845 1062 3932 Willarsey,
1093 3849 1192 3914 aliam
1221 3853 1308 3938 apud

265 3959 463 4044 Hamptone,
489 3953 626 4018 alteram
650 3951 738 4036 apud
758 3943 905 4028 'Burton‚
932 3955 1038 4038 atque
1058 3951 1194 4020 alteram
1221 3955 1308 4040 apud

265 4057 487 4138 Bradewelle;
518 4061 552 4120 et
576 4075 738 4120 cameram
761 4051 850 4138 apud
875 4053 1080 4140 Honyborne
1096 4077 1170 4120 cum
1186 4057 1309 4142 capella

264 4185 402 4250 annexa,
426 4165 460 4226 et
487 4157 664 4224 cancellum
691 4155 833 4222 ecelesiae
860 4157 908 4220 de
923 4157 1144 4242 ·Honyborne,
1177 4165 1209 4226 et
1235 4183 1309 4226 can·
1349 4189 1350 4194 ¹

263 4269 380 4334 cellum
395 4265 437 4330 de
451 4261 636 4346 Willarsey‚
648 4265 681 4324 et
697 4247 874 4338 cancellum
892 4259 930 4322 de
948 4259 1145 4346 Hamptone,
1162 4267 1197 4328 et
1211 4263 1308 4328 eccle-

265 4371 346 4438 siam
373 4367 412 4432 de
428 4365 564 4442 Norton,
581 4367 615 4428 et
639 4363 723 4430 (luas
747 4381 890 4424 cameras
913 4361 953 4424 de
969 4361 1133 4446 Uffenam,
1149 4371 1183 4430 et
1209 4388 1309 4430 unam

493 4651 495 4654 ’
549 4645 711 4716 *panarum
724 4645 844 4710 paneam
855 4645 1013 4722 Huhapa
