3316 5676
360 747 401 812 18
566 757 763 840 cunctucctt
778 755 933 810 ABBATIAE
949 757 995 808 DE
1017 753 1187 812 nunsula.

202 931 270 982 Ab.
283 931 338 982 714.
360 931 663 1068 prilpefflmafioelil
693 927 870 1066 dsssiderium
896 947 1004 994 meum,
1029 949 1134 1070 mult
1143 931 1252 1074 locun}7
1263 933 1404 1010 aedificare

361 1015 396 1068 de
418 1029 496 1068 erem
517 1033 534 1068 a
585 1033 621 1068 au
642 1031 688 1068 cm
737 1013 826 1070 omini
845 1015 903 1070 mei
925 1021 954 1070 εὴ
978 1021 1083 1072 sanctae
1136 1017 1203 1072 ariae
1253 1015 1358 1090 irginis
1376 1033 1406 1078 et

362 1097 491 1152 omnium
510 1093 621 1154 Christi
639 1097 805 1164 electorum,
829 1105 857 1154 et
876 1101 963 1156 etiam
975 1099 1049 1154 milri
1070 1099 1107 1154 ad
1124 1105 1261 1156 aeternam
1281 1101 1405 1156 retribu-

365 1181 473 1236 tionem
491 1187 645 1252 antequam
663 1175 698 1238 ab
717 1181 774 1240 ista
790 1183 924 1240 mutabili
942 1185 1004 1240 vita
1023 1183 1211 1242 discederem.
1248 1185 1407 1258 Postquam
1435 1225 1436 1230 ,

364 1261 457 1338 igitur
482 1267 516 1322 ab
546 1267 618 1322 urbe
647 1267 740 1322 Roma
769 1285 905 1326 reversus
942 1267 985 1324 fui
1021 1271 1072 1324 ubi
1103 1269 1213 1328 clavem
1244 1269 1277 1326 in
1306 1277 1407 1326 ventre

364 1351 453 1422 piscis
482 1349 580 1408 inveni
608 1369 695 1424 quarn
723 1353 754 1408 in
780 1353 902 1412 fluuium
925 1353 1009 1428 juxta
1026 1353 1202 1412 Hetlromme
1220 1353 1407 1428 projeceram,

365 1435 495 1506 cogitans
513 1437 609 1494 locum
629 1439 715 1494 illum
734 1445 875 1508 sanctum,
902 1437 1052 1512 concupiui
1078 1459 1153 1508 eum,
1175 1447 1204 1496 et
1228 1459 1318 1512 quum
1341 1449 1410 1498 tunc

367 1519 490 1576 maxime
521 1523 654 1578 florerem
684 1525 715 1578 in
744 1523 847 1588 diebus
877 1525 991 1582 AElredi
1015 1525 1094 1596 regis
1118 1525 1305 1592 Merciorum,
1337 1527 1412 1598 coepi

368 1623 435 1662 eum
458 1607 583 1680 benigne
606 1605 720 1682 precari
743 1615 777 1664 ut
800 1609 872 1666 mihi
903 1611 1061 1680 concedere
1088 1609 1259 1684 dignaretur
1289 1609 1413 1670 eundem

348 1693 465 1750 locum
484 1693 534 1766 qui
552 1695 706 1750 Etbomme
724 1695 889 1750 vocabatur.
929 1695 1007 1752 Satis
1025 1697 1075 1752 ille
1093 1695 1197 1752 libenti
1220 1697 1315 1752 animo
1337 1697 1414 1768 quod

369 1779 523 1850 poscebam
541 1779 691 1846 concessit,
713 1779 780 1852 quia
799 1785 828 1836 et
846 1777 904 1836 Dei
921 1781 1031 1838 amicus
1056 1787 1085 1836 et
1106 1781 1208 1838 salutis
1234 1781 1335 1836 animae
1355 1795 1414 1838 suae

371 1871 432 1922 erat
451 1861 607 1922 studiosus.
646 1865 693 1948 ln⁸
707 1883 762 1938 quo
780 1865 843 1922 loco
866 1859 956 1936 quum
973 1867 1058 1922 beata
1076 1865 1171 1938 Virgo
1190 1867 1284 1922 Maria
1302 1867 1416 1922 cuidam

371 1951 480 2020 pastori
505 1967 639 2020 gregum,
666 1951 760 2006 Eoves
785 1951 909 2018 nomine,
936 1951 1152 2022 comparuisset,
1181 1949 1225 2020 (ob
1253 1953 1336 2024 cujus
1359 1951 1417 2012 viri

373 2035 554 2090 sanctitatem
579 2035 703 2090 eundem
725 2035 822 2090 locum
845 2035 1067 2092 Eoveshamiam
1092 2035 1278 2108 nuncupari)
1305 2041 1332 2092 et
1355 2035 1418 2108 ipse

374 2119 494 2174 eandem
506 2111 714 2190 apparitionem
726 2119 798 2172 mihi
810 2117 988 2186 intimasset;
1009 2119 1116 2184 statim,
1128 2119 1289 2190 subjunctis
1299 2119 1419 2192 jejuniis

375 2209 404 2258 et
422 2203 608 2270 orationibus,
629 2203 666 2258 ad
684 2203 807 2276 eundern
830 2203 927 2260 locum
944 2203 1039 2258 nudus
1063 2203 1161 2274 pedes,
1187 2203 1329 2274 adjunctis
1348 2203 1421 2260 mihi

374 2287 519 2358 peccatori
537 2287 631 2342 tribus
652 2285 746 2352 sociis,
768 2287 885 2352 accessi,
906 2291 936 2342 et
955 2287 1074 2342 eandem
1092 2287 1249 2358 gloriosam
1266 2279 1421 2362 Virginem

376 2371 454 2426 clara
471 2371 536 2430 luce
555 2371 663 2426 ibidem
681 2371 833 2426 manifeste
851 2371 951 2426 videre
969 2371 1073 2438 merui,
1088 2377 1117 2428 et
1130 2391 1220 2442 quum
1238 2391 1323 2430 cruce
1336 2393 1424 2428 aurea

380 2473 467 2524 quarn
485 2473 573 2510 manu
587 2455 720 2528 gestabat
730 2455 803 2510 mihi
815 2455 1020 2524 benedixisset,
1034 2457 1186 2530 disparuit.
1221 2459 1312 2536 Tanto
1324 2459 1422 2530 itaque

296 2607 297 2610 Ἴ
378 2539 485 2594 indicio
503 2545 604 2596 nactus
623 2539 720 2596 locum
737 2541 884 2612 proposito
903 2559 967 2596 meo
986 2547 1202 2614 congruentem,
1224 2543 1323 2600 statim
1340 2543 1431 2598 illum

381 2623 543 2690 emundavi,
557 2619 600 2680 ’εὴ
624 2641 696 2698 opus
721 2643 738 2678 a
764 2623 826 2680 Deo
850 2625 1059 2698 praesignatum
1088 2627 1230 2684 inchoavi.
1262 2627 1325 2698 ,An
1345 2629 1426 2698 ¹quod

289 2721 291 2732 ’
381 2707 583 2778 complendum
602 2707 682 2762 dedit
699 2709 772 2762 inibi
789 2709 928 2766 AElredns
947 2729 999 2766 rex
1019 2711 1210 2766 Stratiordam
1229 2717 1257 2766 et
1275 2713 1394 2768 castell

382 2791 418 2846 de
451 2787 639 2858 Ohadelburi,
665 2797 695 2846 et
719 2791 792 2848 illud
816 2797 900 2850 vetus
930 2795 1138 2852 monasterium
1169 2795 1246 2866 quod
1271 2795 1427 2852 Fladeburi

341 2863 343 2872 ’
382 2875 558 2942 nominatur,
580 2877 657 2948 quod
676 2875 731 2932 sibi
752 2877 848 2932 euenit
866 2893 901 2932 ex
917 2879 1078 2934 hereditate
1097 2881 1195 2936 uxoris
1220 2899 1289 2944 suae,
1316 2881 1428 2936 Ostrith

371 2959 512 3026 ·uocatae,¹
535 2967 573 3026 εὴ
602 2977 657 3032 ego
687 2959 776 3016 illud·
791 2967 875 3018 vetus
911 2963 1119 3020 monasterium
1148 2963 1215 3018 dedi
1244 2965 1429 3036 AEthilhardo

378 3035 557 3100 ¹Wictiorurn
582 3043 739 3116 subregulo
763 3063 816 3116 pro
836 3051 915 3102 terra
939 3065 1004 3118 quae
1028 3051 1090 3100 erat
1114 3045 1144 3100 in
1164 3043 1326 3102 Stratiorda
1344 3067 1431 3120 quam
1487 3051 1488 3054 ’

386 3127 494 3196 injuste
507 3133 706 3200 occupaverat.
745 3125 904 3200 Postquam
922 3149 990 3186 vere
1010 3127 1199 3186 AEthelredus
1217 3131 1269 3186 rex
1280 3133 1373 3188 factus
1386 3137 1431 3188 est

379 3211 555 3278 monachus,
580 3211 735 3268 Kenredus
760 3213 810 3284 qui
838 3215 978 3270 successit
1004 3215 1031 3268 ei
1055 3215 1086 3268 in
1109 3231 1233 3286 regnum
1256 3213 1433 3270 Meroiorurn

390 3301 420 3350 εὴ
441 3295 504 3350 Offa
536 3313 588 3352 rex
616 3295 808 3358 Orientalium
826 3299 999 3370 Anglorurn,
1022 3297 1058 3352 de
1081 3297 1242 3354 hereditate
1262 3317 1326 3368 quae
1350 3299 1433 3354 illum

392 3379 576 3454 contingebat
604 3379 636 3438 in
665 3399 755 3454 regno
791 3381 976 3458 Merciorum,
1008 3381 1150 3454 dederimt
1183 3383 1275 3438 eidem
1306 3383 1436 3440 ecclesiae

393 3463 540 3538 octoginta
570 3471 693 3538 quatuor
722 3485 836 3524 mansas
866 3469 898 3524 in
923 3467 1044 3524 circuitu
1070 3467 1128 3524 loci
1151 3469 1231 3526 illius
1256 3469 1307 3540 qui
1331 3469 1436 3546 dicitur

395 3549 530 3624 Homine,
556 3553 587 3606 in
611 3555 733 3622 utraque
761 3559 842 3624 parte
866 3553 950 3608 fluvii
968 3553 1048 3606 illius
1069 3553 1119 3622 qui
1137 3559 1257 3610 uocatur
1274 3551 1383 3618 Arena,
1407 3553 1437 3608 in

395 3637 606 3706 possessionem
625 3637 762 3704 ccclesiae,
783 3655 836 3708 pro
853 3637 981 3692 remedio
1001 3637 1103 3692 animae
1116 3655 1176 3694 suae
1195 3643 1224 3694 et
1242 3643 1438 3694 successorem

397 3735 524 3774 suorum.
560 3719 631 3776 Post
648 3721 771 3792 parvum
789 3721 913 3794 denique
925 3725 1040 3792 tempus
1053 3739 1069 3774 a
1080 3713 1213 3792 praedicti
1225 3723 1322 3794 reguli
1340 3723 1437 3788 fratre,

399 3803 536 3858 Oswardo
554 3805 678 3878 nomine,
701 3805 787 3858 aliam
804 3811 912 3860 terram
932 3805 1052 3868 obtinui,
1073 3805 1104 3858 id
1124 3807 1306 3878 est,viginti
1327 3823 1440 3862 mansas

400 3883 430 3942 in
441 3887 504 3942 loco
519 3889 569 3958 qui
581 3889 709 3946 Tuiiord
721 3889 891 3960 appellatur.
929 3889 1044 3962 etpost
1055 3889 1118 3946 haec
1130 3891 1323 3958 AEllthilricus,
1339 3891 1442 3948 Osheri
1469 3917 1470 3920 ¹

400 3971 481 4042 regis
496 3967 594 4040 filius,
620 3977 650 4028 et
672 3969 828 4042 Balterius,
848 3973 1004 4046 religiosus
1029 3975 1171 4042 sacerdos,
1197 3981 1319 4054 uterque
1345 3995 1444 4032 eorum

402 4057 466 4126 octo
496 4069 610 4110 mansas
637 4071 690 4124 pro
707 4051 815 4110 'divina
838 4055 997 4126 religione;
1019 4059 1047 4110 et
1065 4055 1106 4110 ita
1130 4057 1296 4128 completae²
1316 4063 1382 4112 sunt
1401 4075 1444 4112 ec-

403 4135 573 4192 clesiasticae
597 4137 792 4208 possessiones
815 4157 875 4194 cxx.
902 4157 1017 4206 mansae,
1040 4139 1116 4196 sicut
1135 4141 1212 4196 infra
1232 4141 1372 4212 scriptum
1391 4147 1444 4206 est,

404 4225 432 4276 et
456 4219 487 4274 in
510 4221 585 4276 libro
608 4223 808 4276 manifestatur
832 4227 910 4278 terra
934 4229 963 4280 ct
980 4225 1098 4280 termini
1125 4225 1188 4296 ejus
1215 4243 1302 4296 quern
1331 4219 1460 4298 scripsit

403 4303 608 4376 Brytbwaldus
642 4305 873 4380 archiepiscopus
904 4313 933 4364 et
962 4309 1083 4364 dictavit
1112 4327 1252 4366 consensu
1282 4309 1446 4384 principum

404 4391 528 4462 quorum
545 4389 661 4446 nomina
678 4391 754 4444 infra
771 4393 871 4448 notata
887 4399 961 4448 sunt.
999 4393 1071 4450 Post
1088 4393 1159 4450 duos
1184 4411 1272 4450 annos
1296 4393 1448 4450 Aldelmus

324 4531 326 4534 ,
405 4475 566 4546 religiosus
580 4475 733 4546 episcopus
757 4477 897 4546 migrauit
921 4477 958 4532 ad
981 4477 1146 4542 Dominum,
1169 4479 1245 4550 quod
1264 4495 1318 4550 ego
1336 4479 1388 4550 per
1406 4497 1449 4534 re·

450 4719 570 4786 ¹vocatoe]
584 4725 679 4782 vocata,
692 4717 748 4768 MS.
939 4717 942 4786 l
990 4717 1141 4788 ²completa]
1156 4717 1279 4780 completi,
1293 4717 1350 4768 MS.
1450 4781 1451 4786 ¹
