3308 5666
433 625 634 718 onacurccu
657 661 882 714 malurn-ns
905 659 1088 714 erasmum
1211 647 1276 710 239

230 855 248 890 ‘·‘
256 855 257 862 ³
269 845 326 918 ille
347 847 564 932 quommodo
578 845 750 932 «probastis
765 849 822 916 sed
845 849 900 912 ilie
922 845 1036 926 atus,³’
1058 847 1118 936 (ex
1131 843 1276 912 rnornine
1289 857 1358 908 Am
1372 855 1443 912 rna.

228 949 323 1018 illurn
345 947 519 1034 designans
534 971 636 1034 quum
660 955 744 1020 esset
758 949 805 1020 ibi
828 949 983 1036 presens)
1001 955 1130 1034 “quum
1143 945 1277 1016 musam

229 1057 247 1092 “
269 1073 377 1124 coram
392 1049 512 1120 abbate
528 1053 690 1118 celebrare
714 1051 849 1124 deberet
863 1057 899 1118 et
913 1051 1123 1122 femoralibus
1145 1053 1277 1128 careret,
1343 1039 1344 1044 ἵ

230 1149 248 1194 -“
271 1155 528 1224 accommodavit
553 1155 582 1218 ei
605 1155 707 1224 abbas
737 1153 906 1226 femoralia
928 1179 995 1234 sna,
1020 1177 1119 1240 quum
1144 1151 1277 1220 missam

227 1261 246 1292 “
269 1257 464 1324 celebrasset
478 1255 690 1326 restituenda.
730 1255 784 1326 Ex
798 1255 850 1320 his
865 1257 967 1328 etiam
982 1251 1170 1332 defectibus,
1183 1257 1278 1340 pater
1289 1269 1377 1322 Hence
1388 1271 1434 1320 ar-
1488 1249 1489 1254 ’

149 1445 150 1448 ¹
229 1363 247 1398 “
271 1365 391 1438 sancte,
414 1359 538 1446 pejores
562 1357 827 1428 exordinationes
858 1361 1054 1446 supradictis
1076 1357 1170 1424 nobis
1201 1337 1390 1470 ⁰⁰n'lg‘iiirir

229 1469 246 1504 ‘⁶
270 1461 425 1548 tigerunt.
472 1459 558 1538 auto
572 1459 672 1530 libere
688 1461 948 1530 discurrebamus
974 1481 1165 1548 quocunque
1187 1457 1275 1528 vole·
1289 1471 1417 1536 disregerd

155 1589 158 1602 ·
227 1571 245 1608 a
268 1565 391 1640 bamus,
416 1583 475 1654 noc
496 1565 628 1648 poterat
643 1563 732 1648 prior
754 1561 808 1634 uel
830 1563 888 1630 alii
904 1565 1055 1634 custodes
1078 1561 1201 1632 ordinis
1214 1581 1275 1632 nos
1289 1539 1398 1656 sstfafflffe,

187 1735 188 1740 ,
228 1673 246 1710 “
269 1665 369 1736 libere
392 1665 558 1750 corripere,
575 1665 669 1736 nobis
692 1665 968 1750 respondentibus
990 1667 1079 1750 qnod
1094 1685 1162 1734 non
1183 1649 1276 1750 pote*

177 1851 184 1860 .
227 1777 254 1816 a·
267 1773 343 1840 rant
357 1765 452 1858 nobis
474 1767 600 1836 rictum
623 1771 657 1832 et
672 1767 833 1838 vestitum
856 1767 1016 1848 invenire,
1032 1773 1065 1838 et
1081 1789 1184 1854 quum
1206 1787 1275 1836 non

213 1875 247 1914 ⁴⁶
269 1869 460 1940 haberemus
476 1867 557 1954 quid
572 1867 609 1936 in
623 1867 793 1936 refectorio
805 1863 1053 1948 comederemus,
1068 1871 1105 1940 in
1119 1869 1274 1938 thalamis

227 1977 246 2014 “-
269 1977 303 2044 ei
326 1969 455 2058 anguis
469 1991 581 2056 cannes
604 1971 810 2044 comedimus·
860 1971 905 2040 Et
919 1971 1062 2056 quidam,
1081 1971 1175 2058 quasi
1198 1981 1442 2040 ovesThemonks

227 2081 244 2110 “
266 2073 336 2146 sine
357 2077 487 2160 pastore
509 2075 664 2152 amantea,
678 2073 907 2142 discurrebant
921 2095 980 2160 per
1001 2057 1202 2160 patriamad
1216 2051 1422 2180 ab-{{}g}¹}{1‘’glfi1
1465 2133 1466 2136 ,
1512 2095 1513 2098 ’

228 2183 247 2220 “
268 2177 375 2248 batiae
398 2175 530 2252 uicinas,
556 2173 612 2246 alii
635 2179 747 2244 autern
763 2175 805 2244 ad
821 2181 975 2262 cognatos
991 2181 1025 2246 et
1040 2177 1168 2254 amicos,
1186 2175 1273 2262 qum·
1286 2183 1378 2238 marre
1389 2155 1415 2262 ,⁹

227 2281 243 2326 ‘⁵
266 2283 375 2348 rentes
390 2277 432 2346 ab
448 2277 494 2346 eis
516 2277 650 2360 aliquod
671 2277 810 2348 miseriae
833 2265 901 2348 suae
924 2271 1111 2356 remedium,
1135 2253 1441 2370 quommggfisstssm

227 2389 244 2424 ’ί
266 2403 326 2466 ego
340 2379 465 2466 primus
481 2401 561 2456 sum,
578 2383 611 2448 et
626 2379 705 2450 facti
728 2403 840 2452 sumus
864 2381 957 2466 quasi
972 2381 1130 2466 girovagi,
1145 2379 1274 2450 nemine
1288 2383 1440 2462 onerata
1477 2391 1478 2394 ’

225 2489 243 2530 ‘t
265 2467 459 2570 prohibente
478 2481 556 2568 quia
580 2481 772 2552 necessitate
788 2487 933 2568 cogente.
980 2481 1079 2552 Unde
1102 2481 1275 2568 pessimam
1287 2451 1383 2570 3}sssz
1440 2499 1441 2502 ’

225 2593 244 2626 “
266 2591 379 2656 notam
394 2583 545 2658 infante·
561 2583 767 2662 incurrimus,
790 2583 855 2652 iilis
878 2585 936 2670 qui
958 2607 1088 2654 causam
1111 2583 1275 2654 discursus

224 2697 241 2722 “
263 2687 370 2760 nostri
384 2685 574 2756 nesciebant
598 2685 781 2756 dicentibus
809 2687 897 2772 quod
928 2709 1025 2758 causa
1046 2685 1195 2756 libidinis
1218 2709 1275 2752 ex-

173 2781 175 2786 ’
224 2799 242 2842 “.
263 2791 391 2876 plaudas
405 2783 475 2860 haec
491 2789 634 2868 fecimus,
660 2787 774 2860 Abbas
785 2811 864 2856 vero
876 2793 910 2860 et
922 2789 1092 2876 complices
1108 2787 1160 2858 sui
1174 2789 1277 2856 omni-

224 2901 242 2932 “
264 2895 326 2960 bus
347 2889 474 2962 viribus
491 2889 557 2958 suis
572 2889 743 2958 infamiam
757 2897 903 2962 nostram
926 2895 1194 2978 augmentabunt,
1217 2913 1276 2954 nec

224 3003 241 3034 “
263 2995 364 3060 abbas
380 3013 477 3078 super
491 2991 543 3062 iris
557 3013 618 3058 nos
632 2991 836 3078 corripiebat,
852 2993 960 3064 nescio
977 3017 1040 3080 quo
1056 2993 1176 3070 ductus
1196 2993 1274 3074 zelo,
1288 3009 1343 3060 The
1354 3013 1446 3062 absos.

217 3105 242 3132 “‘
264 3099 320 3164 uel
334 3095 412 3182 qnia
427 3115 495 3164 non
509 3093 676 3166 intellexit
693 3093 781 3180 quod
797 3115 908 3162 curam
924 3097 1108 3166 animarum
1123 3097 1272 3182 suscepit,
1286 3079 1401 3194 ffgffiaffff
1442 3101 1443 3104 ’

224 3207 241 3238 “
264 3201 319 3266 vel
341 3199 426 3274 forte
458 3197 486 3264 si
516 3195 696 3282 aliquando
720 3207 819 3282 super
851 3199 968 3268 eodem,
1002 3197 1089 3266 uitio
1111 3219 1186 3264 eum
1223 3193 1378 3262 ac-chem(
1448 3283 1449 3286 Ἴ

224 3309 239 3336 “
263 3321 447 3370 crearemus
470 3297 657 3384 objiciendo
680 3299 777 3368 nobis
802 3299 891 3364 idem
914 3301 956 3364 ab
983 3299 1044 3364 hac
1068 3299 1274 3368 accusatione
1441 3299 1442 3302 ’

181 3399 182 3402 ’
224 3411 243 3444 “
264 3427 324 3470 nos
346 3401 528 3488 repelleret,
550 3401 612 3478 vei,
635 3399 723 3486 quod
745 3401 861 3470 melius
887 3401 990 3480 crede,
1022 3405 1123 3468 semel
1146 3425 1167 3466 a
1192 3401 1273 3490 faeie

223 3497 329 3574 “Dei
365 3503 529 3592 projectus
566 3505 673 3572 voluit
704 3507 738 3592 st
775 3503 856 3570 alios
901 3527 1009 3570 secum
1039 3507 1074 3570 in
1104 3505 1272 3572 intentum

224 3609 423 3676 “devenire
481 3605 589 3684 Unde,
635 3609 676 3672 ut
712 3603 795 3672 mihi
832 3605 971 3688 videtur,
1009 3607 1272 3676 exordinationes

222 3717 239 3750 “
261 3715 382 3778 nostrae
410 3709 516 3794 magis
549 3707 587 3774 in
617 3713 716 3794 caput
743 3707 813 3792 ejus
840 3709 962 3780 debent
993 3709 1180 3780 redundare
1212 3709 1271 3794 qui

223 3813 355 3880 “dedit
393 3811 591 3880 occasionem
626 3811 845 3902 delinquendi,
867 3833 937 3876 ,nec
966 3813 1141 3898 impedivit
1170 3833 1271 3896 quum

223 3925 241 3958 ‘⁴
263 3915 374 4002 p'osset
395 3935 454 3988 uec
476 3913 646 4000 prohibuit
662 3935 762 4000 quum
788 3913 932 3992 deberet,
947 3935 1047 4000 quam
1069 3915 1199 3980 illorum
1215 3915 1273 4000 qui

222 4027 238 4054 “
262 4019 479 4104 deliquemmt.
540 4015 766 4102 Hospitalitas,
805 4027 900 4102 pater
929 4021 1047 4096 sancte,
1087 4017 1176 4104 apud
1213 4025 1437 4092 nosHospicality

223 4127 241 4188 ‘f
262 4123 396 4208 penitus
427 4117 576 4204 deperiit,
610 4123 831 4204 praeterquam
867 4119 906 4184 de
945 4119 1109 4186 divitibus
1132 4095 1436 4224 quornm-iiffigssffid·
1506 4207 1509 4210 Ι

198 4255 200 4258 ·
222 4229 365 4294 “terror
389 4223 451 4288 sihi
475 4221 579 4308 exigit
608 4221 771 4300 honorem,
803 4245 903 4312 quum
927 4223 1104 4288 secundum
1124 4221 1270 4308 regulam
1284 4227 1436 4280 aurelieved.
1465 4151 1516 4314 iiiii

222 4329 352 4400 “beati
397 4323 567 4392 Benedicti
603 4345 761 4410 pauperes
798 4325 841 4392 'in
886 4325 1004 4410 quibus
1042 4325 1132 4392 Dens
1167 4325 1271 4410 magis
1286 4343 1361 4410 [aeg.

222 4427 439 4516 “suscipitur
476 4427 636 4512 suscipere
668 4431 701 4490 et
734 4425 843 4494 fovere
878 4427 1076 4492 deberemus
1121 4425 1167 4490 Et
1205 4411 1377 4498 Bonnense.

222 4537 240 4574 ‘⁴
262 4537 396 4596 tantmn
417 4529 626 4616 pauperibus,
646 4551 773 4596 uerum
804 4531 904 4598 etiam
926 4529 1161 4602 ¹seruientibus
1197 4493 1335 4596 nosscap'
1350 4479 1403 4546 Μ
