<?xml version="1.0" encoding="UTF-8"?>
<!DOCTYPE html PUBLIC "-//W3C//DTD XHTML 1.0 Transitional//EN"
    "http://www.w3.org/TR/xhtml1/DTD/xhtml1-transitional.dtd">
<html xmlns="http://www.w3.org/1999/xhtml" xml:lang="en" lang="en">
 <head>
  <title>
</title>
<meta http-equiv="Content-Type" content="text/html;charset=utf-8" />
  <meta name='ocr-system' content='tesseract 3.04.00' />
  <meta name='ocr-capabilities' content='ocr_page ocr_carea ocr_par ocr_line ocrx_word'/>
</head>
<body>
  <div class='ocr_page' id='page_1' title='image "./chroniconabbati01marlgoog/chroniconabbati01marlgoog_0313.png"; bbox 0 0 3308 5666; ppageno 0'>
   <div class='ocr_carea' id='block_1_1' title="bbox 466 681 1306 780">
    <p class='ocr_par' dir='ltr' id='par_1_1' title="bbox 466 681 1306 780">
     <span class='ocr_line' id='line_1_1' title="bbox 466 681 1306 780; baseline -0.008 -34"><span class='ocrx_word' id='word_1_1' title='bbox 466 695 665 748; x_wconf 80' lang='grc'>0000111000</span> <span class='ocrx_word' id='word_1_2' title='bbox 688 685 846 780; x_wconf 73' lang='grc'>00010101</span> <span class='ocrx_word' id='word_1_3' title='bbox 870 693 918 768; x_wconf 85' lang='grc'>00</span> <span class='ocrx_word' id='word_1_4' title='bbox 939 689 1107 740; x_wconf 77' lang='grc' dir='ltr'>0110οΗ110.</span> <span class='ocrx_word' id='word_1_5' title='bbox 1245 681 1306 740; x_wconf 79' lang='lat'>255</span> 
     </span>
    </p>
   </div>
   <div class='ocr_carea' id='block_1_2' title="bbox 173 875 1476 3120">
    <p class='ocr_par' dir='ltr' id='par_1_2' title="bbox 264 875 1476 1174">
     <span class='ocr_line' id='line_1_2' title="bbox 264 875 1476 956; baseline 0 -12"><span class='ocrx_word' id='word_1_6' title='bbox 264 881 414 944; x_wconf 89' lang='lat' dir='ltr'>“ficiens</span> <span class='ocrx_word' id='word_1_7' title='bbox 449 885 484 946; x_wconf 89' lang='lat' dir='ltr'>et</span> <span class='ocrx_word' id='word_1_8' title='bbox 514 881 650 948; x_wconf 90' lang='lat' dir='ltr'>idoneus</span> <span class='ocrx_word' id='word_1_9' title='bbox 687 881 732 948; x_wconf 91' lang='lat' dir='ltr'>sit</span> <span class='ocrx_word' id='word_1_10' title='bbox 765 881 921 946; x_wconf 86' lang='lat' dir='ltr'>inventus</span> <span class='ocrx_word' id='word_1_11' title='bbox 960 881 994 944; x_wconf 92' lang='lat' dir='ltr'>et</span> <span class='ocrx_word' id='word_1_12' title='bbox 1030 875 1254 956; x_wconf 78' lang='lat' dir='ltr'>nominatus3·</span> <span class='ocrx_word' id='word_1_13' title='bbox 1277 881 1390 944; x_wconf 78' lang='grc'>0101).</span> <span class='ocrx_word' id='word_1_14' title='bbox 1404 885 1476 944; x_wconf 79' lang='lat' dir='ltr'>rara</span> 
     </span>
     <span class='ocr_line' id='line_1_3' title="bbox 266 973 1308 1066; baseline -0.006 -20"><span class='ocrx_word' id='word_1_15' title='bbox 266 989 284 1016; x_wconf 83' lang='lat'><strong>“</strong></span> <span class='ocrx_word' id='word_1_16' title='bbox 306 983 407 1046; x_wconf 90' lang='lat' dir='ltr'>etiam</span> <span class='ocrx_word' id='word_1_17' title='bbox 429 973 469 1048; x_wconf 91' lang='lat' dir='ltr'>ut</span> <span class='ocrx_word' id='word_1_18' title='bbox 490 985 578 1050; x_wconf 90' lang='lat' dir='ltr'>idem</span> <span class='ocrx_word' id='word_1_19' title='bbox 611 985 648 1048; x_wconf 94' lang='lat' dir='ltr'>in</span> <span class='ocrx_word' id='word_1_20' title='bbox 680 983 815 1050; x_wconf 87' lang='lat' dir='ltr'>ecclesia</span> <span class='ocrx_word' id='word_1_21' title='bbox 836 991 949 1048; x_wconf 87' lang='lat' dir='ltr'>nostra</span> <span class='ocrx_word' id='word_1_22' title='bbox 970 1003 990 1046; x_wconf 94' lang='lat' dir='ltr'>a</span> <span class='ocrx_word' id='word_1_23' title='bbox 1013 1001 1076 1066; x_wconf 86' lang='lat' dir='ltr'>quo</span> <span class='ocrx_word' id='word_1_24' title='bbox 1098 977 1308 1042; x_wconf 80' lang='lat' dir='ltr'><strong>maluerimus</strong></span> 
     </span>
     <span class='ocr_line' id='line_1_4' title="bbox 266 1079 1309 1174; baseline -0.004 -24"><span class='ocrx_word' id='word_1_25' title='bbox 266 1093 282 1118; x_wconf 89' lang='lat'><strong>“</strong></span> <span class='ocrx_word' id='word_1_26' title='bbox 306 1087 454 1172; x_wconf 89' lang='lat' dir='ltr'>episcopo</span> <span class='ocrx_word' id='word_1_27' title='bbox 477 1089 599 1174; x_wconf 80' lang='lat' dir='ltr'>absque</span> <span class='ocrx_word' id='word_1_28' title='bbox 632 1087 720 1152; x_wconf 90' lang='lat' dir='ltr'>omni</span> <span class='ocrx_word' id='word_1_29' title='bbox 743 1085 915 1150; x_wconf 70' lang='lat' dir='ltr'>exactione</span> <span class='ocrx_word' id='word_1_30' title='bbox 946 1081 1156 1172; x_wconf 78' lang='lat' dir='ltr'>professionis</span> <span class='ocrx_word' id='word_1_31' title='bbox 1179 1085 1214 1144; x_wconf 91' lang='lat' dir='ltr'>et</span> <span class='ocrx_word' id='word_1_32' title='bbox 1237 1079 1309 1146; x_wconf 88' lang='lat' dir='ltr'>obe-</span> 
     </span>
    </p>

    <p class='ocr_par' dir='ltr' id='par_1_3' title="bbox 198 1175 1322 1480">
     <span class='ocr_line' id='line_1_5' title="bbox 198 1175 1322 1274; baseline -0.002 -24"><span class='ocrx_word' id='word_1_33' title='bbox 198 1175 200 1178; x_wconf 52' lang='grc'><strong>’</strong></span> <span class='ocrx_word' id='word_1_34' title='bbox 266 1195 284 1220; x_wconf 82' lang='grc'><strong>“</strong></span> <span class='ocrx_word' id='word_1_35' title='bbox 307 1187 439 1254; x_wconf 88' lang='lat' dir='ltr'>dieutiae</span> <span class='ocrx_word' id='word_1_36' title='bbox 461 1187 699 1254; x_wconf 81' lang='lat' dir='ltr'>benedicatur.&#39;&#39;</span> <span class='ocrx_word' id='word_1_37' title='bbox 754 1187 800 1250; x_wconf 83' lang='lat' dir='ltr'>Et</span> <span class='ocrx_word' id='word_1_38' title='bbox 821 1187 947 1274; x_wconf 89' lang='lat' dir='ltr'>placuit</span> <span class='ocrx_word' id='word_1_39' title='bbox 970 1185 1101 1252; x_wconf 92' lang='lat' dir='ltr'>domino</span> <span class='ocrx_word' id='word_1_40' title='bbox 1124 1183 1233 1270; x_wconf 84' lang='lat' dir='ltr'>legato</span> <span class='ocrx_word' id='word_1_41' title='bbox 1255 1205 1322 1268; x_wconf 76' lang='lat' dir='ltr'>pe·-</span> 
     </span>
     <span class='ocr_line' id='line_1_6' title="bbox 263 1285 1310 1378; baseline -0.004 -26"><span class='ocrx_word' id='word_1_42' title='bbox 263 1289 339 1378; x_wconf 87' lang='lat' dir='ltr'>titio</span> <span class='ocrx_word' id='word_1_43' title='bbox 368 1295 488 1370; x_wconf 89' lang='lat' dir='ltr'>nostra,</span> <span class='ocrx_word' id='word_1_44' title='bbox 517 1297 551 1356; x_wconf 92' lang='lat' dir='ltr'>et</span> <span class='ocrx_word' id='word_1_45' title='bbox 581 1291 678 1370; x_wconf 83' lang='lat' dir='ltr'>dixit,</span> <span class='ocrx_word' id='word_1_46' title='bbox 702 1297 720 1354; x_wconf 68' lang='lat'>,“</span> <span class='ocrx_word' id='word_1_47' title='bbox 734 1289 823 1354; x_wconf 82' lang='lat' dir='ltr'>Bene</span> <span class='ocrx_word' id='word_1_48' title='bbox 847 1289 939 1352; x_wconf 88' lang='lat' dir='ltr'>salva</span> <span class='ocrx_word' id='word_1_49' title='bbox 962 1289 1056 1356; x_wconf 88' lang='lat' dir='ltr'>vobis</span> <span class='ocrx_word' id='word_1_50' title='bbox 1080 1293 1178 1352; x_wconf 91' lang='lat' dir='ltr'>erunt</span> <span class='ocrx_word' id='word_1_51' title='bbox 1200 1285 1310 1350; x_wconf 88' lang='lat' dir='ltr'>omnia</span> 
     </span>
     <span class='ocr_line' id='line_1_7' title="bbox 266 1387 1309 1480; baseline -0.004 -26"><span class='ocrx_word' id='word_1_52' title='bbox 266 1399 284 1424; x_wconf 76' lang='lat'>‘⁶</span> <span class='ocrx_word' id='word_1_53' title='bbox 306 1391 381 1456; x_wconf 78' lang='lat' dir='ltr'>haec.</span> <span class='ocrx_word' id='word_1_54' title='bbox 429 1393 535 1458; x_wconf 87' lang='lat' dir='ltr'>lmmo</span> <span class='ocrx_word' id='word_1_55' title='bbox 551 1391 668 1480; x_wconf 86' lang='lat' dir='ltr'>melius</span> <span class='ocrx_word' id='word_1_56' title='bbox 683 1391 839 1456; x_wconf 86' lang='lat' dir='ltr'>faciemus</span> <span class='ocrx_word' id='word_1_57' title='bbox 853 1391 955 1456; x_wconf 90' lang='lat' dir='ltr'>vobis.</span> <span class='ocrx_word' id='word_1_58' title='bbox 994 1391 1061 1454; x_wconf 86' lang='lat' dir='ltr'>Vos</span> <span class='ocrx_word' id='word_1_59' title='bbox 1077 1389 1164 1454; x_wconf 88' lang='lat' dir='ltr'>euim</span> <span class='ocrx_word' id='word_1_60' title='bbox 1180 1387 1309 1454; x_wconf 89' lang='lat' dir='ltr'>habetis</span> 
     </span>
    </p>

    <p class='ocr_par' dir='ltr' id='par_1_4' title="bbox 173 1493 1373 3120">
     <span class='ocr_line' id='line_1_8' title="bbox 173 1493 1308 1580; baseline -0.004 -21"><span class='ocrx_word' id='word_1_61' title='bbox 173 1507 174 1510; x_wconf 76' lang='grc'>’</span> <span class='ocrx_word' id='word_1_62' title='bbox 265 1503 280 1526; x_wconf 83' lang='grc'><strong>“</strong></span> <span class='ocrx_word' id='word_1_63' title='bbox 303 1495 420 1580; x_wconf 89' lang='lat' dir='ltr'>pedem</span> <span class='ocrx_word' id='word_1_64' title='bbox 442 1495 548 1558; x_wconf 86' lang='lat' dir='ltr'>fixum</span> <span class='ocrx_word' id='word_1_65' title='bbox 581 1493 618 1558; x_wconf 91' lang='lat' dir='ltr'>in</span> <span class='ocrx_word' id='word_1_66' title='bbox 639 1493 782 1558; x_wconf 51' lang='lat' dir='ltr'>¹ecclesia</span> <span class='ocrx_word' id='word_1_67' title='bbox 800 1493 961 1572; x_wconf 79' lang='lat' dir='ltr'>Romana,</span> <span class='ocrx_word' id='word_1_68' title='bbox 998 1499 1031 1558; x_wconf 93' lang='lat' dir='ltr'>et</span> <span class='ocrx_word' id='word_1_69' title='bbox 1064 1493 1092 1556; x_wconf 87' lang='lat' dir='ltr'>si</span> <span class='ocrx_word' id='word_1_70' title='bbox 1118 1511 1308 1578; x_wconf 86' lang='lat' dir='ltr'>quocunque</span> 
     </span>
     <span class='ocr_line' id='line_1_9' title="bbox 265 1595 1308 1682; baseline 0 -24"><span class='ocrx_word' id='word_1_71' title='bbox 265 1605 281 1630; x_wconf 89' lang='lat'><strong><em>“</em></strong></span> <span class='ocrx_word' id='word_1_72' title='bbox 304 1597 409 1682; x_wconf 90' lang='lat' dir='ltr'>modo,</span> <span class='ocrx_word' id='word_1_73' title='bbox 444 1595 532 1682; x_wconf 88' lang='lat' dir='ltr'>quod</span> <span class='ocrx_word' id='word_1_74' title='bbox 566 1595 662 1676; x_wconf 85' lang='lat' dir='ltr'>absit,</span> <span class='ocrx_word' id='word_1_75' title='bbox 686 1595 780 1660; x_wconf 91' lang='lat' dir='ltr'>illum</span> <span class='ocrx_word' id='word_1_76' title='bbox 803 1595 843 1658; x_wconf 89' lang='lat' dir='ltr'>ab</span> <span class='ocrx_word' id='word_1_77' title='bbox 868 1617 906 1660; x_wconf 89' lang='lat' dir='ltr'>ea</span> <span class='ocrx_word' id='word_1_78' title='bbox 932 1595 1146 1670; x_wconf 69' lang='lat' dir='ltr'>retraxeritis,</span> <span class='ocrx_word' id='word_1_79' title='bbox 1169 1599 1228 1658; x_wconf 92' lang='lat' dir='ltr'>aut</span> <span class='ocrx_word' id='word_1_80' title='bbox 1250 1595 1308 1658; x_wconf 82' lang='lat' dir='ltr'>vix</span> 
     </span>
     <span class='ocr_line' id='line_1_10' title="bbox 267 1695 1309 1784; baseline -0.002 -22"><span class='ocrx_word' id='word_1_81' title='bbox 267 1705 366 1762; x_wconf 86' lang='lat' dir='ltr'>“aut</span> <span class='ocrx_word' id='word_1_82' title='bbox 400 1721 571 1784; x_wconf 88' lang='lat' dir='ltr'>nunquam</span> <span class='ocrx_word' id='word_1_83' title='bbox 602 1697 709 1784; x_wconf 89' lang='lat' dir='ltr'>ipsum</span> <span class='ocrx_word' id='word_1_84' title='bbox 741 1699 777 1762; x_wconf 98' lang='lat' dir='ltr'>in</span> <span class='ocrx_word' id='word_1_85' title='bbox 809 1719 847 1760; x_wconf 91' lang='lat' dir='ltr'>ea</span> <span class='ocrx_word' id='word_1_86' title='bbox 877 1697 997 1762; x_wconf 87' lang='lat' dir='ltr'>iterum</span> <span class='ocrx_word' id='word_1_87' title='bbox 1030 1697 1146 1784; x_wconf 79' lang='lat' dir='ltr'>figatis.</span> <span class='ocrx_word' id='word_1_88' title='bbox 1202 1695 1309 1774; x_wconf 73' lang='lat' dir='ltr'>Quare</span> 
     </span>
     <span class='ocr_line' id='line_1_11' title="bbox 267 1798 1310 1886; baseline -0.002 -22"><span class='ocrx_word' id='word_1_89' title='bbox 267 1805 408 1886; x_wconf 87' lang='lat' dir='ltr'>“quum</span> <span class='ocrx_word' id='word_1_90' title='bbox 441 1801 481 1866; x_wconf 93' lang='lat' dir='ltr'>de</span> <span class='ocrx_word' id='word_1_91' title='bbox 514 1801 647 1866; x_wconf 88' lang='lat' dir='ltr'>consilio</span> <span class='ocrx_word' id='word_1_92' title='bbox 679 1805 792 1866; x_wconf 91' lang='lat' dir='ltr'>nostro</span> <span class='ocrx_word' id='word_1_93' title='bbox 827 1799 970 1884; x_wconf 85' lang='lat' dir='ltr'>aliquem</span> <span class='ocrx_word' id='word_1_94' title='bbox 1003 1799 1165 1886; x_wconf 81' lang='lat' dir='ltr'>elegeritis</span> <span class='ocrx_word' id='word_1_95' title='bbox 1188 1798 1242 1862; x_wconf 93' lang='lat' dir='ltr'>vel</span> <span class='ocrx_word' id='word_1_96' title='bbox 1275 1801 1310 1862; x_wconf 94' lang='lat' dir='ltr'>in</span> 
     </span>
     <span class='ocr_line' id='line_1_12' title="bbox 266 1901 1310 1990; baseline 0 -24"><span class='ocrx_word' id='word_1_97' title='bbox 266 1903 402 1968; x_wconf 88' lang='lat' dir='ltr'>“illum</span> <span class='ocrx_word' id='word_1_98' title='bbox 436 1925 533 1990; x_wconf 89' lang='lat' dir='ltr'>quem</span> <span class='ocrx_word' id='word_1_99' title='bbox 555 1903 648 1970; x_wconf 89' lang='lat' dir='ltr'>vobis</span> <span class='ocrx_word' id='word_1_100' title='bbox 682 1901 959 1970; x_wconf 87' lang='lat' dir='ltr'>nominaverimus</span> <span class='ocrx_word' id='word_1_101' title='bbox 992 1901 1227 1982; x_wconf 81' lang='lat' dir='ltr'>consenseritis,</span> <span class='ocrx_word' id='word_1_102' title='bbox 1251 1923 1310 1966; x_wconf 90' lang='lat' dir='ltr'>nos</span> 
     </span>
     <span class='ocr_line' id='line_1_13' title="bbox 266 2003 1309 2090; baseline 0 -22"><span class='ocrx_word' id='word_1_103' title='bbox 266 2011 283 2038; x_wconf 89' lang='lat'><strong>“</strong></span> <span class='ocrx_word' id='word_1_104' title='bbox 307 2005 401 2070; x_wconf 92' lang='lat' dir='ltr'>illum</span> <span class='ocrx_word' id='word_1_105' title='bbox 435 2005 699 2072; x_wconf 89' lang='lat' dir='ltr'>confirmabimus</span> <span class='ocrx_word' id='word_1_106' title='bbox 722 2003 792 2070; x_wconf 88' lang='lat' dir='ltr'>vice</span> <span class='ocrx_word' id='word_1_107' title='bbox 816 2003 1066 2090; x_wconf 84' lang='lat' dir='ltr'>dominipapae,</span> <span class='ocrx_word' id='word_1_108' title='bbox 1089 2007 1129 2068; x_wconf 91' lang='lat' dir='ltr'>ut</span> <span class='ocrx_word' id='word_1_109' title='bbox 1151 2003 1219 2068; x_wconf 88' lang='lat' dir='ltr'>solo</span> <span class='ocrx_word' id='word_1_110' title='bbox 1244 2003 1309 2068; x_wconf 86' lang='lat' dir='ltr'>Ro-</span> 
     </span>
     <span class='ocr_line' id='line_1_14' title="bbox 266 2103 1310 2194; baseline -0.002 -22"><span class='ocrx_word' id='word_1_111' title='bbox 266 2113 282 2142; x_wconf 89' lang='lat'><strong>“</strong></span> <span class='ocrx_word' id='word_1_112' title='bbox 305 2129 401 2172; x_wconf 89' lang='lat' dir='ltr'>mano</span> <span class='ocrx_word' id='word_1_113' title='bbox 436 2109 582 2194; x_wconf 89' lang='lat' dir='ltr'>pontifici</span> <span class='ocrx_word' id='word_1_114' title='bbox 607 2115 641 2174; x_wconf 91' lang='lat' dir='ltr'>et</span> <span class='ocrx_word' id='word_1_115' title='bbox 663 2103 813 2174; x_wconf 56' lang='lat' dir='ltr'>ecolesiae&#39;</span> <span class='ocrx_word' id='word_1_116' title='bbox 828 2105 985 2172; x_wconf 85' lang='lat' dir='ltr'>Romanae</span> <span class='ocrx_word' id='word_1_117' title='bbox 1019 2107 1110 2170; x_wconf 94' lang='lat' dir='ltr'>nullo</span> <span class='ocrx_word' id='word_1_118' title='bbox 1145 2105 1310 2186; x_wconf 88' lang='lat' dir='ltr'>mediante</span> 
     </span>
     <span class='ocr_line' id='line_1_15' title="bbox 266 2209 1309 2298; baseline 0 -22"><span class='ocrx_word' id='word_1_119' title='bbox 266 2219 284 2244; x_wconf 87' lang='lat'><em>“</em></span> <span class='ocrx_word' id='word_1_120' title='bbox 307 2211 511 2297; x_wconf 80' lang='lat' dir='ltr'>subjectum3</span> <span class='ocrx_word' id='word_1_121' title='bbox 536 2213 623 2298; x_wconf 90' lang='lat' dir='ltr'>quod</span> <span class='ocrx_word' id='word_1_122' title='bbox 648 2211 694 2276; x_wconf 86' lang='lat' dir='ltr'>de</span> <span class='ocrx_word' id='word_1_123' title='bbox 710 2213 803 2276; x_wconf 91' lang='lat' dir='ltr'>nullo</span> <span class='ocrx_word' id='word_1_124' title='bbox 827 2211 932 2276; x_wconf 91' lang='lat' dir='ltr'>adhuc</span> <span class='ocrx_word' id='word_1_125' title='bbox 964 2209 1098 2280; x_wconf 82' lang='lat' dir='ltr'>fecimus</span> <span class='ocrx_word' id='word_1_126' title='bbox 1121 2209 1157 2274; x_wconf 92' lang='lat' dir='ltr'>in</span> <span class='ocrx_word' id='word_1_127' title='bbox 1180 2209 1309 2296; x_wconf 82' lang='lat' dir='ltr'>Anglia.</span> 
     </span>
     <span class='ocr_line' id='line_1_16' title="bbox 266 2309 1318 2400; baseline 0 -22"><span class='ocrx_word' id='word_1_128' title='bbox 266 2321 282 2346; x_wconf 89' lang='lat'>“</span> <span class='ocrx_word' id='word_1_129' title='bbox 306 2315 468 2380; x_wconf 83' lang='lat' dir='ltr'>Praeterea</span> <span class='ocrx_word' id='word_1_130' title='bbox 491 2315 648 2400; x_wconf 88' lang='lat' dir='ltr'>quamdiu</span> <span class='ocrx_word' id='word_1_131' title='bbox 663 2313 830 2378; x_wconf 89' lang='lat' dir='ltr'>vacaverit</span> <span class='ocrx_word' id='word_1_132' title='bbox 853 2313 987 2378; x_wconf 83' lang='lat' dir='ltr'>abbatia</span> <span class='ocrx_word' id='word_1_133' title='bbox 1010 2313 1074 2378; x_wconf 90' lang='lat' dir='ltr'>ista</span> <span class='ocrx_word' id='word_1_134' title='bbox 1096 2309 1318 2390; x_wconf 86' lang='lat' dir='ltr'>retinebimus</span> 
     </span>
     <span class='ocr_line' id='line_1_17' title="bbox 265 2415 1310 2502; baseline 0 -22"><span class='ocrx_word' id='word_1_135' title='bbox 265 2421 283 2450; x_wconf 86' lang='lat'><em>“</em></span> <span class='ocrx_word' id='word_1_136' title='bbox 307 2417 488 2482; x_wconf 87' lang='lat' dir='ltr'>custodiam</span> <span class='ocrx_word' id='word_1_137' title='bbox 503 2417 572 2502; x_wconf 88' lang='lat' dir='ltr'>ejus</span> <span class='ocrx_word' id='word_1_138' title='bbox 595 2417 630 2480; x_wconf 90' lang='lat' dir='ltr'>in</span> <span class='ocrx_word' id='word_1_139' title='bbox 653 2439 754 2480; x_wconf 86' lang='lat' dir='ltr'>manu</span> <span class='ocrx_word' id='word_1_140' title='bbox 776 2421 897 2494; x_wconf 87' lang='lat' dir='ltr'>nostra,</span> <span class='ocrx_word' id='word_1_141' title='bbox 914 2435 955 2478; x_wconf 88' lang='lat' dir='ltr'>ne</span> <span class='ocrx_word' id='word_1_142' title='bbox 978 2415 1007 2480; x_wconf 92' lang='lat' dir='ltr'>si</span> <span class='ocrx_word' id='word_1_143' title='bbox 1029 2415 1065 2486; x_wconf 92' lang='lat' dir='ltr'>in</span> <span class='ocrx_word' id='word_1_144' title='bbox 1088 2437 1202 2480; x_wconf 88' lang='lat' dir='ltr'>manus</span> <span class='ocrx_word' id='word_1_145' title='bbox 1226 2417 1310 2502; x_wconf 84' lang='lat' dir='ltr'>regis</span> 
     </span>
     <span class='ocr_line' id='line_1_18' title="bbox 265 2509 1308 2602; baseline 0 -20"><span class='ocrx_word' id='word_1_146' title='bbox 265 2525 282 2552; x_wconf 90' lang='lat'><strong>“</strong></span> <span class='ocrx_word' id='word_1_147' title='bbox 306 2509 544 2598; x_wconf 78' lang='lat' dir='ltr'>devolveretur,</span> <span class='ocrx_word' id='word_1_148' title='bbox 569 2519 680 2582; x_wconf 88' lang='lat' dir='ltr'>omnia</span> <span class='ocrx_word' id='word_1_149' title='bbox 714 2519 801 2582; x_wconf 89' lang='lat' dir='ltr'>bona</span> <span class='ocrx_word' id='word_1_150' title='bbox 836 2519 904 2602; x_wconf 90' lang='lat' dir='ltr'>ejus</span> <span class='ocrx_word' id='word_1_151' title='bbox 938 2517 1191 2598; x_wconf 89' lang='lat' dir='ltr'>confiscarentur</span> <span class='ocrx_word' id='word_1_152' title='bbox 1224 2525 1257 2582; x_wconf 94' lang='lat' dir='ltr'>et</span> <span class='ocrx_word' id='word_1_153' title='bbox 1289 2541 1308 2598; x_wconf 90' lang='lat' dir='ltr'>a</span> 
     </span>
     <span class='ocr_line' id='line_1_19' title="bbox 266 2617 1308 2708; baseline 0 -24"><span class='ocrx_word' id='word_1_154' title='bbox 266 2621 525 2708; x_wconf 84' lang='lat' dir='ltr'>“servientibus</span> <span class='ocrx_word' id='word_1_155' title='bbox 562 2621 646 2706; x_wconf 84' lang='lat' dir='ltr'>regis</span> <span class='ocrx_word' id='word_1_156' title='bbox 684 2621 915 2704; x_wconf 82' lang='lat' dir='ltr'>diriperentur,</span> <span class='ocrx_word' id='word_1_157' title='bbox 953 2625 987 2684; x_wconf 92' lang='lat' dir='ltr'>et</span> <span class='ocrx_word' id='word_1_158' title='bbox 1025 2621 1071 2684; x_wconf 91' lang='lat' dir='ltr'>sio</span> <span class='ocrx_word' id='word_1_159' title='bbox 1109 2617 1308 2684; x_wconf 88' lang='lat' dir='ltr'>salvabimus</span> 
     </span>
     <span class='ocr_line' id='line_1_20' title="bbox 263 2721 1309 2808; baseline -0.002 -20"><span class='ocrx_word' id='word_1_160' title='bbox 263 2731 281 2756; x_wconf 83' lang='lat'><em>“</em></span> <span class='ocrx_word' id='word_1_161' title='bbox 305 2723 398 2788; x_wconf 91' lang='lat' dir='ltr'>vobis</span> <span class='ocrx_word' id='word_1_162' title='bbox 420 2723 566 2788; x_wconf 86' lang='lat' dir='ltr'>fortassis</span> <span class='ocrx_word' id='word_1_163' title='bbox 590 2723 631 2786; x_wconf 88' lang='lat' dir='ltr'>ad</span> <span class='ocrx_word' id='word_1_164' title='bbox 648 2721 828 2786; x_wconf 84' lang='lat' dir='ltr'>valentiam</span> <span class='ocrx_word' id='word_1_165' title='bbox 851 2721 1106 2808; x_wconf 80' lang='lat' dir='ltr'>quingentarum</span> <span class='ocrx_word' id='word_1_166' title='bbox 1129 2739 1309 2786; x_wconf 91' lang='lat' dir='ltr'>marcarum</span> 
     </span>
     <span class='ocr_line' id='line_1_21' title="bbox 263 2823 1309 2912; baseline 0 -24"><span class='ocrx_word' id='word_1_167' title='bbox 263 2835 279 2858; x_wconf 88' lang='lat'><em>“</em></span> <span class='ocrx_word' id='word_1_168' title='bbox 303 2849 384 2912; x_wconf 91' lang='lat' dir='ltr'>quas</span> <span class='ocrx_word' id='word_1_169' title='bbox 419 2825 544 2890; x_wconf 89' lang='lat' dir='ltr'>debetis</span> <span class='ocrx_word' id='word_1_170' title='bbox 567 2823 750 2888; x_wconf 84' lang='lat' dir='ltr'>Romanis&#39;&#39;</span> <span class='ocrx_word' id='word_1_171' title='bbox 796 2823 842 2886; x_wconf 86' lang='lat' dir='ltr'>Et</span> <span class='ocrx_word' id='word_1_172' title='bbox 874 2829 954 2888; x_wconf 90' lang='lat' dir='ltr'>tunc</span> <span class='ocrx_word' id='word_1_173' title='bbox 988 2823 1129 2888; x_wconf 87' lang='lat' dir='ltr'>tradidit</span> <span class='ocrx_word' id='word_1_174' title='bbox 1163 2825 1244 2888; x_wconf 92' lang='lat' dir='ltr'>mihi</span> <span class='ocrx_word' id='word_1_175' title='bbox 1276 2831 1309 2888; x_wconf 94' lang='lat' dir='ltr'>et</span> 
     </span>
     <span class='ocr_line' id='line_1_22' title="bbox 263 2925 1373 3044; baseline -0.003 -52"><span class='ocrx_word' id='word_1_176' title='bbox 263 2929 392 2992; x_wconf 89' lang='lat' dir='ltr'>cuidam</span> <span class='ocrx_word' id='word_1_177' title='bbox 414 2927 570 2992; x_wconf 83' lang='lat' dir='ltr'>servienti</span> <span class='ocrx_word' id='word_1_178' title='bbox 594 2951 652 2992; x_wconf 89' lang='lat' dir='ltr'>suo</span> <span class='ocrx_word' id='word_1_179' title='bbox 675 2925 857 3008; x_wconf 87' lang='lat' dir='ltr'>custodiam</span> <span class='ocrx_word' id='word_1_180' title='bbox 880 2925 1023 2990; x_wconf 84' lang='lat' dir='ltr'>abbatiae</span> <span class='ocrx_word' id='word_1_181' title='bbox 1047 2927 1373 3044; x_wconf 46' lang='lat' dir='ltr'>etL-rlataffine-W-</span> 
     </span>
     <span class='ocr_line' id='line_1_23' title="bbox 264 3029 735 3120; baseline -0.013 -20"><span class='ocrx_word' id='word_1_182' title='bbox 264 3029 405 3100; x_wconf 88' lang='lat' dir='ltr'>dictione</span> <span class='ocrx_word' id='word_1_183' title='bbox 432 3029 570 3094; x_wconf 88' lang='lat' dir='ltr'>recessit.</span> <span class='ocrx_word' id='word_1_184' title='bbox 631 3117 632 3120; x_wconf 8' lang='grc' dir='ltr'><strong>Ἴ</strong></span> <span class='ocrx_word' id='word_1_185' title='bbox 714 3071 735 3080; x_wconf 60' lang='lat'><strong>„</strong></span> 
     </span>
    </p>
   </div>
   <div class='ocr_carea' id='block_1_3' title="bbox 247 3081 419 3156">
    <p class='ocr_par' dir='ltr' id='par_1_5' title="bbox 247 3081 419 3194">
     <span class='ocr_line' id='line_1_24' title="bbox 247 3081 419 3156; baseline 0 38"><span class='ocrx_word' id='word_1_186' title='bbox 247 3081 419 3156; x_wconf 58' lang='lat' dir='ltr'>s*</span> 
     </span>
    </p>
   </div>
   <div class='ocr_carea' id='block_1_4' title="bbox 291 3317 1274 3504">
    <p class='ocr_par' dir='ltr' id='par_1_6' title="bbox 291 3289 1274 3504">
     <span class='ocr_line' id='line_1_25' title="bbox 297 3317 1274 3418; baseline 0.002 -34"><span class='ocrx_word' id='word_1_187' title='bbox 297 3319 345 3386; x_wconf 86' lang='lat' dir='ltr'>Dc</span> <span class='ocrx_word' id='word_1_188' title='bbox 366 3317 531 3396; x_wconf 82' lang='lat' dir='ltr'>electione,</span> <span class='ocrx_word' id='word_1_189' title='bbox 560 3317 818 3416; x_wconf 78' lang='lat' dir='ltr'>confirmatione</span> <span class='ocrx_word' id='word_1_190' title='bbox 842 3323 872 3384; x_wconf 84' lang='lat' dir='ltr'>ct</span> <span class='ocrx_word' id='word_1_191' title='bbox 896 3317 1120 3418; x_wconf 76' lang='lat' dir='ltr'>bencdictione</span> <span class='ocrx_word' id='word_1_192' title='bbox 1147 3321 1274 3388; x_wconf 80' lang='lat' dir='ltr'>obtutis</span> 
     </span>
     <span class='ocr_line' id='line_1_26' title="bbox 291 3419 876 3504; baseline -0.003 -16"><span class='ocrx_word' id='word_1_193' title='bbox 291 3421 292 3424; x_wconf 66' lang='grc'>’</span> <span class='ocrx_word' id='word_1_194' title='bbox 696 3419 876 3504; x_wconf 65' lang='lat' dir='ltr'>Roadrulfi.</span> 
     </span>
    </p>
   </div>
   <div class='ocr_carea' id='block_1_5' title="bbox 263 3547 1442 4576">
    <p class='ocr_par' dir='ltr' id='par_1_7' title="bbox 263 3547 1442 4576">
     <span class='ocr_line' id='line_1_27' title="bbox 309 3547 1388 3648; baseline 0 -22"><span class='ocrx_word' id='word_1_195' title='bbox 309 3559 351 3626; x_wconf 87' lang='lat' dir='ltr'>In</span> <span class='ocrx_word' id='word_1_196' title='bbox 383 3561 499 3628; x_wconf 91' lang='lat' dir='ltr'>diebus</span> <span class='ocrx_word' id='word_1_197' title='bbox 533 3561 599 3626; x_wconf 89' lang='grc'>11110</span> <span class='ocrx_word' id='word_1_198' title='bbox 631 3563 696 3626; x_wconf 78' lang='lat' dir='ltr'>fuit</span> <span class='ocrx_word' id='word_1_199' title='bbox 729 3563 780 3628; x_wconf 90' lang='lat' dir='ltr'>vir</span> <span class='ocrx_word' id='word_1_200' title='bbox 812 3547 893 3628; x_wconf 83' lang='lat' dir='ltr'>vitae</span> <span class='ocrx_word' id='word_1_201' title='bbox 924 3565 1119 3642; x_wconf 87' lang='lat' dir='ltr'>venerabilis</span> <span class='ocrx_word' id='word_1_202' title='bbox 1157 3565 1308 3648; x_wconf 89' lang='lat' dir='ltr'>dominus</span> <span class='ocrx_word' id='word_1_203' title='bbox 1387 3623 1388 3626; x_wconf 74' lang='grc'>,</span> 
     </span>
     <span class='ocr_line' id='line_1_28' title="bbox 264 3663 1310 3752; baseline 0.007 -24"><span class='ocrx_word' id='word_1_204' title='bbox 264 3665 449 3730; x_wconf 85' lang='lat' dir='ltr'>Rondulfus</span> <span class='ocrx_word' id='word_1_205' title='bbox 481 3665 570 3752; x_wconf 89' lang='lat' dir='ltr'>prior</span> <span class='ocrx_word' id='word_1_206' title='bbox 605 3663 793 3750; x_wconf 82' lang='lat' dir='ltr'>Wigoruice,</span> <span class='ocrx_word' id='word_1_207' title='bbox 817 3663 951 3730; x_wconf 89' lang='lat' dir='ltr'>natione</span> <span class='ocrx_word' id='word_1_208' title='bbox 990 3667 1241 3734; x_wconf 87' lang='lat' dir='ltr'>Eveshamensis</span> <span class='ocrx_word' id='word_1_209' title='bbox 1274 3677 1310 3734; x_wconf 91' lang='lat' dir='ltr'>et</span> 
     </span>
     <span class='ocr_line' id='line_1_29' title="bbox 264 3765 1310 3856; baseline 0.005 -24"><span class='ocrx_word' id='word_1_210' title='bbox 264 3769 364 3834; x_wconf 88' lang='lat' dir='ltr'>etiam</span> <span class='ocrx_word' id='word_1_211' title='bbox 398 3767 576 3832; x_wconf 88' lang='lat' dir='ltr'>monachus</span> <span class='ocrx_word' id='word_1_212' title='bbox 611 3767 747 3854; x_wconf 86' lang='lat' dir='ltr'>capituli</span> <span class='ocrx_word' id='word_1_213' title='bbox 779 3765 992 3848; x_wconf 84' lang='lat' dir='ltr'>Eveshamiae,</span> <span class='ocrx_word' id='word_1_214' title='bbox 1015 3773 1102 3856; x_wconf 92' lang='lat' dir='ltr'>quod</span> <span class='ocrx_word' id='word_1_215' title='bbox 1125 3779 1205 3836; x_wconf 90' lang='lat' dir='ltr'>tunc</span> <span class='ocrx_word' id='word_1_216' title='bbox 1228 3779 1310 3836; x_wconf 91' lang='grc'>1010-</span> 
     </span>
     <span class='ocr_line' id='line_1_30' title="bbox 263 3869 1311 3960; baseline 0.003 -25"><span class='ocrx_word' id='word_1_217' title='bbox 263 3871 350 3956; x_wconf 89' lang='lat' dir='ltr'>poris</span> <span class='ocrx_word' id='word_1_218' title='bbox 372 3869 454 3934; x_wconf 93' lang='lat' dir='ltr'>bene</span> <span class='ocrx_word' id='word_1_219' title='bbox 476 3869 579 3950; x_wconf 89' lang='lat' dir='ltr'>licuit,</span> <span class='ocrx_word' id='word_1_220' title='bbox 603 3869 763 3948; x_wconf 92' lang='lat' dir='ltr'>videlicet,</span> <span class='ocrx_word' id='word_1_221' title='bbox 788 3869 876 3956; x_wconf 91' lang='lat' dir='ltr'>quod</span> <span class='ocrx_word' id='word_1_222' title='bbox 899 3873 1075 3938; x_wconf 90' lang='lat' dir='ltr'>monachus</span> <span class='ocrx_word' id='word_1_223' title='bbox 1097 3871 1134 3938; x_wconf 92' lang='lat' dir='ltr'>in</span> <span class='ocrx_word' id='word_1_224' title='bbox 1163 3875 1311 3960; x_wconf 88' lang='lat' dir='ltr'>pluribus</span> 
     </span>
     <span class='ocr_line' id='line_1_31' title="bbox 263 3965 1316 4062; baseline 0.009 -26"><span class='ocrx_word' id='word_1_225' title='bbox 263 3969 468 4038; x_wconf 88' lang='lat' dir='ltr'>monasteriis</span> <span class='ocrx_word' id='word_1_226' title='bbox 514 3971 649 4050; x_wconf 86' lang='lat' dir='ltr'>haberet</span> <span class='ocrx_word' id='word_1_227' title='bbox 688 3971 797 4036; x_wconf 90' lang='lat' dir='ltr'>locum</span> <span class='ocrx_word' id='word_1_228' title='bbox 845 3965 881 4036; x_wconf 91' lang='lat' dir='ltr'>in</span> <span class='ocrx_word' id='word_1_229' title='bbox 926 3967 1081 4062; x_wconf 53' lang='lat' dir='ltr'>capitulo,</span> <span class='ocrx_word' id='word_1_230' title='bbox 1107 3981 1142 4040; x_wconf 93' lang='lat' dir='ltr'>et</span> <span class='ocrx_word' id='word_1_231' title='bbox 1179 3977 1316 4046; x_wconf 70' lang='lat' dir='ltr'>&#39;stallum</span> 
     </span>
     <span class='ocr_line' id='line_1_32' title="bbox 264 4047 1307 4166; baseline 0.004 -28"><span class='ocrx_word' id='word_1_232' title='bbox 264 4073 300 4138; x_wconf 91' lang='lat' dir='ltr'>in</span> <span class='ocrx_word' id='word_1_233' title='bbox 344 4073 456 4138; x_wconf 76' lang='lat' dir='ltr'>choro,</span> <span class='ocrx_word' id='word_1_234' title='bbox 526 4073 595 4138; x_wconf 89' lang='lat' dir='ltr'>Iste</span> <span class='ocrx_word' id='word_1_235' title='bbox 634 4047 759 4162; x_wconf 74' lang='lat' dir='ltr'>quuml</span> <span class='ocrx_word' id='word_1_236' title='bbox 774 4081 858 4140; x_wconf 88' lang='grc'>00001</span> <span class='ocrx_word' id='word_1_237' title='bbox 892 4075 1012 4142; x_wconf 88' lang='grc'>0100100</span> <span class='ocrx_word' id='word_1_238' title='bbox 1049 4077 1085 4140; x_wconf 95' lang='grc'>10</span> <span class='ocrx_word' id='word_1_239' title='bbox 1124 4079 1307 4166; x_wconf 87' lang='lat' dir='ltr'>episcopum</span> 
     </span>
     <span class='ocr_line' id='line_1_33' title="bbox 263 4175 1313 4266; baseline 0.004 -24"><span class='ocrx_word' id='word_1_240' title='bbox 263 4175 451 4264; x_wconf 83' lang='lat' dir='ltr'>Wigorniae,</span> <span class='ocrx_word' id='word_1_241' title='bbox 485 4177 755 4262; x_wconf 88' lang='lat' dir='ltr'>persuadentibus</span> <span class='ocrx_word' id='word_1_242' title='bbox 786 4177 917 4244; x_wconf 89' lang='lat' dir='ltr'>domino</span> <span class='ocrx_word' id='word_1_243' title='bbox 947 4201 1022 4266; x_wconf 82' lang='lat' dir='ltr'>rege</span> <span class='ocrx_word' id='word_1_244' title='bbox 1046 4185 1079 4246; x_wconf 91' lang='lat' dir='ltr'>et</span> <span class='ocrx_word' id='word_1_245' title='bbox 1102 4181 1233 4260; x_wconf 89' lang='lat' dir='ltr'>domino</span> <span class='ocrx_word' id='word_1_246' title='bbox 1266 4183 1313 4246; x_wconf 94' lang='lat' dir='ltr'>le·</span> 
     </span>
     <span class='ocr_line' id='line_1_34' title="bbox 263 4277 1313 4370; baseline 0.004 -26"><span class='ocrx_word' id='word_1_247' title='bbox 263 4283 340 4366; x_wconf 79' lang='lat' dir='ltr'>gato</span> <span class='ocrx_word' id='word_1_248' title='bbox 363 4277 578 4346; x_wconf 89' lang='lat' dir='ltr'>remuntiavit</span> <span class='ocrx_word' id='word_1_249' title='bbox 612 4279 762 4344; x_wconf 90' lang='lat' dir='ltr'>electioni</span> <span class='ocrx_word' id='word_1_250' title='bbox 779 4301 872 4358; x_wconf 78' lang='lat' dir='ltr'>sua,</span> <span class='ocrx_word' id='word_1_251' title='bbox 903 4287 937 4346; x_wconf 92' lang='lat' dir='ltr'>et</span> <span class='ocrx_word' id='word_1_252' title='bbox 966 4282 1088 4370; x_wconf 84' lang='lat' dir='ltr'>electus</span> <span class='ocrx_word' id='word_1_253' title='bbox 1117 4283 1226 4348; x_wconf 91' lang='lat' dir='ltr'>estin</span> <span class='ocrx_word' id='word_1_254' title='bbox 1247 4285 1313 4370; x_wconf 88' lang='lat' dir='ltr'>epi·</span> 
     </span>
     <span class='ocr_line' id='line_1_35' title="bbox 264 4381 1442 4472; baseline 0.005 -26"><span class='ocrx_word' id='word_1_255' title='bbox 264 4403 395 4468; x_wconf 90' lang='lat' dir='ltr'>scopum</span> <span class='ocrx_word' id='word_1_256' title='bbox 428 4381 607 4468; x_wconf 83' lang='lat' dir='ltr'>Wigoruiae</span> <span class='ocrx_word' id='word_1_257' title='bbox 645 4381 860 4460; x_wconf 83' lang='lat' dir='ltr'>cancellarius</span> <span class='ocrx_word' id='word_1_258' title='bbox 888 4383 1014 4448; x_wconf 89' lang='lat' dir='ltr'>domini</span> <span class='ocrx_word' id='word_1_259' title='bbox 1043 4385 1136 4470; x_wconf 85' lang='lat' dir='ltr'>regis.</span> <span class='ocrx_word' id='word_1_260' title='bbox 1184 4385 1311 4464; x_wconf 73' lang='lat' dir='ltr'>Quibus</span> <span class='ocrx_word' id='word_1_261' title='bbox 1324 4409 1442 4472; x_wconf 71' lang='lat' dir='ltr'>nandolf,</span> 
     </span>
     <span class='ocr_line' id='line_1_36' title="bbox 263 4475 1432 4576; baseline 0.009 -30"><span class='ocrx_word' id='word_1_262' title='bbox 263 4485 312 4548; x_wconf 92' lang='lat' dir='ltr'>ita</span> <span class='ocrx_word' id='word_1_263' title='bbox 334 4485 472 4576; x_wconf 83' lang='lat' dir='ltr'>peractis</span> <span class='ocrx_word' id='word_1_264' title='bbox 494 4483 586 4550; x_wconf 93' lang='lat' dir='ltr'>venit</span> <span class='ocrx_word' id='word_1_265' title='bbox 609 4485 732 4550; x_wconf 70' lang='lat' dir='ltr'>ad&#39;nos</span> <span class='ocrx_word' id='word_1_266' title='bbox 767 4485 918 4552; x_wconf 87' lang='lat' dir='ltr'>domiuus</span> <span class='ocrx_word' id='word_1_267' title='bbox 940 4486 1068 4572; x_wconf 84' lang='lat' dir='ltr'>legatus</span> <span class='ocrx_word' id='word_1_268' title='bbox 1089 4487 1126 4550; x_wconf 93' lang='lat' dir='ltr'>in</span> <span class='ocrx_word' id='word_1_269' title='bbox 1148 4487 1200 4554; x_wconf 93' lang='lat' dir='ltr'>die</span> <span class='ocrx_word' id='word_1_270' title='bbox 1224 4475 1432 4556; x_wconf 55' lang='grc' dir='ltr'>001101110ῑοῖ</span> 
     </span>
    </p>
   </div>
   <div class='ocr_carea' id='block_1_6' title="bbox 264 4545 1473 4664">
    <p class='ocr_par' dir='ltr' id='par_1_8' title="bbox 264 4545 1473 4664">
     <span class='ocr_line' id='line_1_37' title="bbox 264 4545 1473 4664; baseline 0.007 -14"><span class='ocrx_word' id='word_1_271' title='bbox 264 4589 375 4652; x_wconf 76' lang='grc'>000</span> <span class='ocrx_word' id='word_1_272' title='bbox 411 4585 549 4652; x_wconf 72' lang='lat' dir='ltr'>rabian</span> <span class='ocrx_word' id='word_1_273' title='bbox 585 4595 619 4652; x_wconf 77' lang='grc'>0</span> <span class='ocrx_word' id='word_1_274' title='bbox 657 4587 849 4664; x_wconf 72' lang='lat' dir='ltr'>Sebastiam,</span> <span class='ocrx_word' id='word_1_275' title='bbox 887 4595 922 4654; x_wconf 81' lang='grc'>0</span> <span class='ocrx_word' id='word_1_276' title='bbox 943 4589 1108 4656; x_wconf 72' lang='lat' dir='ltr'>consulas</span> <span class='ocrx_word' id='word_1_277' title='bbox 1144 4591 1239 4658; x_wconf 80' lang='lat' dir='ltr'>nobis</span> <span class='ocrx_word' id='word_1_278' title='bbox 1275 4601 1314 4660; x_wconf 79' lang='grc'>0</span> <span class='ocrx_word' id='word_1_279' title='bbox 1325 4545 1473 4664; x_wconf 63' lang='grc' dir='ltr'>1111ἓὲ11</span> 
     </span>
    </p>
   </div>
   <div class='ocr_carea' id='block_1_7' title="bbox 0 0 1659 5666">
    <p class='ocr_par' dir='ltr' id='par_1_9' title="bbox 0 0 1659 5666">
     <span class='ocr_line' id='line_1_38' title="bbox 0 0 1659 5666; baseline 0 0"><span class='ocrx_word' id='word_1_280' title='bbox 0 0 1659 5666; x_wconf 95' lang='lat' dir='ltr'> </span> 
     </span>
    </p>
   </div>
  </div>
 </body>
</html>
