3300 5666
473 773 841 836 11111111111111111
857 763 903 824 111
927 775 1092 826 evasum.
1259 767 1299 828 93

263 971 313 1028 est
328 961 489 1050 refugium
506 969 539 1028 et
553 959 685 1046 adjutor
699 963 864 1052 piissimus
878 963 915 1028 in
938 961 1090 1032 maximis
1106 959 1306 1028 necessitati·
1360 981 1428 1034 111).

261 1067 330 1130 bus.
369 1053 370 1056 Ἴ
400 1067 687 1152 Quotienscunque
710 1067 752 1132 ad
775 1067 898 1130 curiam
924 1067 1008 1152 regis
1023 1067 1086 1130 vel
1100 1064 1220 1128 alicubi
1241 1053 1305 1130 iter
1320 1049 1476 1100 ¹⁰⁷⁰‘¹⁰⁷⁷·

260 1175 371 1262 ageret
385 1175 418 1234 et
434 1169 552 1254 aliquis
567 1193 690 1258 pauper
711 1171 819 1234 nudus
847 1175 1035 1246 occurreret,
1065 1191 1142 1262 mox
1164 1169 1304 1256 aliquem
1361 1251 1362 1254 ,

261 1273 300 1338 de
332 1273 399 1338 suis
432 1273 618 1338 hominibus
644 1271 847 1358 exspoliabat
878 1279 912 1338 et
942 1271 1076 1362 pauperi
1108 1271 1305 1338 vestimenta

260 1377 330 1460 ejus
353 1377 462 1454 dabat,
484 1377 540 1442 sed
563 1399 622 1442 suo
645 1379 759 1462 postea
780 1375 954 1462 dupliciter
979 1373 1145 1442 reddebat.
1205 1375 1304 1442 Omni

258 1501 398 1564 namque
425 1501 510 1544 anno
541 1485 682 1564 quatuor
712 1479 766 1542 vel
798 1481 941 1566 quinque
974 1479 1044 1544 dies
1075 1483 1151 1544 ante
1183 1479 1302 1544 Natale

260 1581 395 1646 Domini
411 1585 444 1646 11
461 1583 580 1648 iterum
596 1585 671 1668 post
693 1581 780 1644 diem
802 1581 989 1646 Palinurum
1006 1585 1077 1646 tota
1099 1581 1303 1648 hebdomada

258 1691 335 1750 ante
352 1685 476 1750 Pascha
491 1685 583 1770 quasi
605 1683 768 1750 exercitus
791 1705 929 1770 magnus
955 1707 1134 1772 pauperum
1158 1689 1192 1748 ct
1214 1707 1302 1772 pere·

257 1787 423 1874 glinorum
439 1779 502 1850 lruc
526 1787 673 1850 solebant
696 1785 814 1864 venire,
839 1787 957 1872 quibus
981 1787 1131 1850 omnibus
1154 1789 1221 1850 tarn
1244 1809 1302 1872 per

257 1911 291 1954 se
317 1911 415 1976 quam
445 1909 502 1976 per
528 1889 701 1954 monachos
731 1889 780 1952 vel
806 1889 917 1952 fideles
952 1889 1050 1952 laicos
1082 1887 1320 1974 eleemosynas

256 1991 390 2078 largiter
405 1991 621 2078 ministrando
636 2013 773 2082 erogare,
791 1989 988 2076 Mandatum
1005 1991 1139 2056 Domini
1154 1991 1300 2056 faciendo

257 2115 372 2158 manus
387 2099 432 2160 ’11
454 2093 551 2180 pedes
577 2093 694 2172 lavare,
710 2093 906 2180 quibusdam
924 2093 1128 2172 vestimenta,
1152 2093 1299 2180 plurimis

256 2195 473 2274 calciamenta,
497 2195 612 2258 multis
635 2195 766 2260 studuit
782 2197 930 2262 denarios
953 2195 1139 2280 benigniter
1162 2219 1298 2282 erogare,

256 2291 366 2364 omnes
380 2319 507 2388 quoque
531 2295 624 2364 laetos
642 2297 720 2394 fecit
742 2299 820 2364 hinc
844 2299 1000 2364 recedere.
1049 2297 1184 2364 Cunctis
1200 2299 1298 2364 etiam

254 2401 404 2466 noctibus
440 2399 678 2488 praecipuarum
724 2399 969 2466 solemnitatum
1001 2423 1059 2486 per
1094 2421 1219 2464 annum
1256 2399 1297 2464 ad
1325 2483 1326 2486 ,

254 2503 408 2568 honorem
449 2503 513 2570 Dei
550 2507 584 2568 et
622 2509 805 2568 sanctorum
839 2503 928 2588 Ejus,
963 2525 1071 2568 coram
1102 2523 1297 2590 unoquoque

254 2605 350 2670 altari
380 2605 457 2672 fecit
488 2605 654 2670 candelam
686 2607 798 2672 ardere
814 2633 815 2636 ¹
829 2611 902 2672 tota
938 2611 1033 2670 nocte
1056 2627 1158 2690 usque
1181 2627 1317 2682 maue;.

252 2709 361 2794 plures
383 2729 523 2794 namque
545 2707 659 2772 missas
685 2707 863 2772 secundum
886 2707 972 2792 quod
996 2711 1125 2792 tempus
1155 2707 1296 2772 habebat

253 2811 398 2898 quotidie
422 2811 546 2876 solebat
568 2809 710 2876 libenter
741 2809 861 2888 audire,
889 2815 923 2874 et
956 2807 999 2874 ad
1032 2831 1295 2894 unamquamque

159 2979 162 2988 ἡ
238 2933 363 2984 1111111
398 2913 557 2978 sacerdoti
590 2933 681 2978 sacra
709 2911 865 2976 solemnia
890 2909 1066 2976 celebranti
1104 2931 1206 2972 unum
1244 2911 1297 2976 vel

251 3017 360 3100 plures
409 3015 555 3080 denarios
608 3037 681 3080 11111
725 3035 845 3100 magna
897 3013 1002 3078 cordis
1049 3011 1295 3098 compunctione

251 3117 406 3182 studebat
429 3119 575 3182 offerre·
602 3117 647 3182 Et
663 3117 817 3206 quoniam
840 3121 911 3180 crat
929 3123 998 3182 tam
1022 3117 1181 3182 divitibus
1197 3139 1294 3204 quam

162 3277 181 3290 „
250 3219 447 3306 pauperibus
479 3223 626 3306 erogator
652 3217 860 3304 largissimus,
893 3217 984 3284 dedit
1015 3219 1045 3284 ei
1075 3219 1197 3284 Divina
1235 3221 1295 3284 cle-

251 3323 374 3388 mentia
401 3323 525 3408 copiam
557 3343 665 3386 rerum
690 3323 879 3386 maximam¹
899 3321 936 3386 111
968 3323 1128 3387 omnibus.
1192 3323 1294 3386 Orna-

250 3427 361 3486 menta
395 3443 523 3508 quoque
563 3423 739 3508 acquisivit
787 3423 936 3508 plmima,
966 3421 1129 3498 videlicet,
1161 3423 1293 3502 casulas,

251 3545 375 3612 cappas,
413 3523 520 3610 pallia,
568 3545 695 3590 crucem
729 3531 891 3612 magnam,
923 3531 958 3590 11
996 3523 1161 3608 quoddam
1176 3525 1292 3592 altare

158 3623 160 3628 ’
248 3649 327 3692 auro
361 3633 395 3692 et
428 3635 564 3714 argento
596 3627 812 3714 pulcherrime
833 3633 1011 3716 operatura,
1036 3617 1163 3694 necnon
1193 3629 1291 3694 etiam

249 3731 413 3816 quandam
440 3731 595 3816 capellam
632 3731 727 3796 valde
766 3731 1004 3796 honestarum
1034 3731 1154 3796 honore
1186 3733 1292 3798 sancti
1303 3749 1344 3800 He
1355 3755 1436 3806 1111111

248 3833 281 3898 N
283 3833 399 3898 icholai
415 3833 560 3898 construi
575 3839 609 3898 et
630 3833 809 3900 consecrari
830 3831 1041 3900 laudabiliter
1054 3833 1139 3900 fecit.
1193 3813 1290 3900 'Ante
1302 3817 1442 3936 {ssessslapel

247 3957 344 4000 suum
365 3939 495 4022 tempus
518 3935 583 4000 duo
605 3935 721 4002 fratres
745 3935 842 4020 hujus
864 3937 928 4000 loci
950 3935 1109 4002 diabolico
1130 3935 1290 4002 instinctu
1301 3947 1428 4004 Nieholas.

246 4037 380 4114 seducti,
404 4037 561 4124 quasdam
586 4037 740 4122 reliquias
764 4037 804 4102 de
828 4037 946 4104 feretro
960 4037 1062 4110 fiuati
1081 4043 1160 4104 sunt
1185 4039 1290 4104 sancti

247 4139 398 4226 Ecgwini
434 4141 537 4226 patris
574 4141 686 4218 nostri,
733 4147 767 4206 ct
803 4139 1012 4204 tradiderunt
1058 4163 1111 4204 111
1160 4139 1288 4206 cuidam
1339 4137 1341 4142 ’

245 4247 406 4308 matronae
428 4241 640 4308 nobilissima
654 4229 798 4308 ‘Aldine
822 4243 963 4328 nomine,
986 4243 1042 4306 sed
1069 4241 1153 4308 alter
1168 4263 1287 4318 eorum,
1298 4245 1440 4310 Repetition

245 4343 389 4410 Alfiicus
412 4343 579 4422 vocabulo,
610 4343 667 4430 qui
691 4351 807 4410 auctor
832 4349 902 4410 erat
921 4345 1058 4424 sceleris,
1083 4345 1196 4408 volens
1223 4313 1452 4428 hucagtpledsiaary

244 4447 357 4526 redire,
388 4445 512 4512 Divino
539 4447 664 4534 judicio
687 4447 807 4514 cadens
830 4447 867 4514 111
887 4447 952 4514 isto
974 4445 1109 4514 flumine
1132 4445 1231 4532 periit
1245 4447 1285 4512 de
1298 4445 1411 4558 aqqthef

243 4553 332 4614 terra
353 4549 537 4616 viventium
553 4571 612 4634 pro
637 4553 732 4614 tanto
757 4549 899 4616 crimine.
944 4549 1111 4636 Apparuit
1133 4571 1209 4634 ergo
1233 4549 1285 4614 vir
1296 4523 1453 4638 diffissa,

244 4649 307 4716 Dei
322 4655 454 4718 sanctus
469 4651 660 4738 Ecguuinus
674 4651 738 4736 ipsi
760 4657 918 4718 matronae
933 4651 968 4716 in
991 4651 1116 4718 visione
1130 4649 1228 4716 semel
1250 4655 1284 4716 et
1344 4739 1345 4742 ,
