<?xml version="1.0" encoding="UTF-8"?>
<!DOCTYPE html PUBLIC "-//W3C//DTD XHTML 1.0 Transitional//EN"
    "http://www.w3.org/TR/xhtml1/DTD/xhtml1-transitional.dtd">
<html xmlns="http://www.w3.org/1999/xhtml" xml:lang="en" lang="en">
 <head>
  <title>
</title>
<meta http-equiv="Content-Type" content="text/html;charset=utf-8" />
  <meta name='ocr-system' content='tesseract 3.04.00' />
  <meta name='ocr-capabilities' content='ocr_page ocr_carea ocr_par ocr_line ocrx_word'/>
</head>
<body>
  <div class='ocr_page' id='page_1' title='image "./chroniconabbati01marlgoog/chroniconabbati01marlgoog_0387.png"; bbox 0 0 3300 5666; ppageno 0'>
   <div class='ocr_carea' id='block_1_1' title="bbox 740 685 1356 774">
    <p class='ocr_par' dir='ltr' id='par_1_1' title="bbox 740 685 1356 774">
     <span class='ocr_line' id='line_1_1' title="bbox 740 685 1356 774; baseline 0.003 -26"><span class='ocrx_word' id='word_1_1' title='bbox 740 697 926 774; x_wconf 76' lang='lat' dir='ltr'>Arrnnmx.</span> <span class='ocrx_word' id='word_1_2' title='bbox 1290 685 1356 750; x_wconf 79' lang='lat'>329</span> 
     </span>
    </p>
   </div>
   <div class='ocr_carea' id='block_1_2' title="bbox 230 885 1435 4254">
    <p class='ocr_par' dir='ltr' id='par_1_2' title="bbox 302 885 1435 978">
     <span class='ocr_line' id='line_1_2' title="bbox 302 885 1435 978; baseline -0.007 -20"><span class='ocrx_word' id='word_1_3' title='bbox 302 889 330 958; x_wconf 84' lang='lat'>.“</span> <span class='ocrx_word' id='word_1_4' title='bbox 352 885 442 952; x_wconf 87' lang='lat' dir='ltr'>fonte</span> <span class='ocrx_word' id='word_1_5' title='bbox 471 887 682 978; x_wconf 83' lang='lat' dir='ltr'>baptismatis</span> <span class='ocrx_word' id='word_1_6' title='bbox 704 889 881 976; x_wconf 85' lang='lat' dir='ltr'>suscipiens</span> <span class='ocrx_word' id='word_1_7' title='bbox 903 889 947 954; x_wconf 90' lang='lat' dir='ltr'>ad</span> <span class='ocrx_word' id='word_1_8' title='bbox 981 909 1118 974; x_wconf 85' lang='lat' dir='ltr'>regnum</span> <span class='ocrx_word' id='word_1_9' title='bbox 1142 887 1269 952; x_wconf 88' lang='lat' dir='ltr'>coeleste</span> <span class='ocrx_word' id='word_1_10' title='bbox 1304 907 1355 950; x_wconf 87' lang='lat' dir='ltr'>re·</span> <span class='ocrx_word' id='word_1_11' title='bbox 1376 893 1435 944; x_wconf 76' lang='lat' dir='ltr'>An</span> 
     </span>
    </p>

    <p class='ocr_par' dir='ltr' id='par_1_3' title="bbox 230 991 1418 3842">
     <span class='ocr_line' id='line_1_3' title="bbox 256 991 1418 1084; baseline -0.002 -30"><span class='ocrx_word' id='word_1_12' title='bbox 256 1073 258 1084; x_wconf 41' lang='lat'><em>,</em></span> <span class='ocrx_word' id='word_1_13' title='bbox 300 991 337 1074; x_wconf 36' lang='lat'>&#39;“5</span> <span class='ocrx_word' id='word_1_14' title='bbox 353 991 531 1074; x_wconf 83' lang='lat' dir='ltr'>generavit,</span> <span class='ocrx_word' id='word_1_15' title='bbox 564 993 653 1078; x_wconf 89' lang='lat' dir='ltr'>petit.</span> <span class='ocrx_word' id='word_1_16' title='bbox 671 991 709 1056; x_wconf 89' lang='lat' dir='ltr'>in</span> <span class='ocrx_word' id='word_1_17' title='bbox 726 995 870 1058; x_wconf 81' lang='lat' dir='ltr'>uxorem</span> <span class='ocrx_word' id='word_1_18' title='bbox 917 993 984 1058; x_wconf 79' lang='lat' dir='ltr'>Sed</span> <span class='ocrx_word' id='word_1_19' title='bbox 1001 1013 1074 1078; x_wconf 83' lang='lat' dir='ltr'>quae</span> <span class='ocrx_word' id='word_1_20' title='bbox 1097 995 1224 1076; x_wconf 90' lang='lat' dir='ltr'>patrem</span> <span class='ocrx_word' id='word_1_21' title='bbox 1246 1013 1355 1054; x_wconf 90' lang='lat' dir='ltr'>meum</span> <span class='ocrx_word' id='word_1_22' title='bbox 1415 1009 1418 1016; x_wconf 82' lang='grc'><strong><em>’</em></strong></span> 
     </span>
     <span class='ocr_line' id='line_1_4' title="bbox 311 1091 1357 1182; baseline -0.001 -28"><span class='ocrx_word' id='word_1_23' title='bbox 311 1093 329 1124; x_wconf 82' lang='grc'><strong>“</strong></span> <span class='ocrx_word' id='word_1_24' title='bbox 352 1093 513 1158; x_wconf 80' lang='lat' dir='ltr'>carnatem</span> <span class='ocrx_word' id='word_1_25' title='bbox 534 1093 683 1182; x_wconf 87' lang='lat' dir='ltr'>habuisti</span> <span class='ocrx_word' id='word_1_26' title='bbox 711 1095 868 1160; x_wconf 84' lang='lat' dir='ltr'>maritum</span> <span class='ocrx_word' id='word_1_27' title='bbox 898 1099 937 1158; x_wconf 92' lang='lat' dir='ltr'>ut</span> <span class='ocrx_word' id='word_1_28' title='bbox 966 1095 1054 1180; x_wconf 86' lang='lat' dir='ltr'>patri</span> <span class='ocrx_word' id='word_1_29' title='bbox 1083 1113 1156 1158; x_wconf 90' lang='lat' dir='ltr'>meo</span> <span class='ocrx_word' id='word_1_30' title='bbox 1193 1091 1357 1178; x_wconf 85' lang='lat' dir='ltr'>spirituali</span> 
     </span>
     <span class='ocr_line' id='line_1_5' title="bbox 311 1193 1357 1282; baseline 0 -26"><span class='ocrx_word' id='word_1_31' title='bbox 311 1199 331 1226; x_wconf 92' lang='lat'>“</span> <span class='ocrx_word' id='word_1_32' title='bbox 353 1195 405 1260; x_wconf 87' lang='lat' dir='ltr'>vel</span> <span class='ocrx_word' id='word_1_33' title='bbox 439 1195 557 1280; x_wconf 90' lang='lat' dir='ltr'>prioris</span> <span class='ocrx_word' id='word_1_34' title='bbox 586 1197 652 1260; x_wconf 82' lang='lat' dir='ltr'>viri</span> <span class='ocrx_word' id='word_1_35' title='bbox 683 1201 822 1282; x_wconf 87' lang='lat' dir='ltr'>cognato</span> <span class='ocrx_word' id='word_1_36' title='bbox 853 1199 988 1280; x_wconf 81' lang='lat' dir='ltr'>quoquo</span> <span class='ocrx_word' id='word_1_37' title='bbox 1007 1201 1104 1282; x_wconf 91' lang='lat' dir='ltr'>pacto</span> <span class='ocrx_word' id='word_1_38' title='bbox 1142 1193 1223 1280; x_wconf 85' lang='lat' dir='ltr'>jugo</span> <span class='ocrx_word' id='word_1_39' title='bbox 1247 1193 1357 1278; x_wconf 83' lang='lat' dir='ltr'>conju-</span> 
     </span>
     <span class='ocr_line' id='line_1_6' title="bbox 310 1295 1356 1388; baseline -0.002 -28"><span class='ocrx_word' id='word_1_40' title='bbox 310 1301 329 1328; x_wconf 89' lang='lat'><strong>“</strong></span> <span class='ocrx_word' id='word_1_41' title='bbox 350 1295 417 1386; x_wconf 78' lang='lat' dir='ltr'>gaii</span> <span class='ocrx_word' id='word_1_42' title='bbox 445 1295 605 1388; x_wconf 68' lang='lat' dir='ltr'>jungaris</span> <span class='ocrx_word' id='word_1_43' title='bbox 629 1295 719 1362; x_wconf 86' lang='lat' dir='ltr'>Novi</span> <span class='ocrx_word' id='word_1_44' title='bbox 741 1297 944 1362; x_wconf 86' lang='lat' dir='ltr'>Testamenti</span> <span class='ocrx_word' id='word_1_45' title='bbox 956 1297 1153 1364; x_wconf 86' lang='lat' dir='ltr'>traditiones</span> <span class='ocrx_word' id='word_1_46' title='bbox 1178 1301 1213 1362; x_wconf 86' lang='lat' dir='ltr'>et</span> <span class='ocrx_word' id='word_1_47' title='bbox 1250 1317 1356 1360; x_wconf 86' lang='lat' dir='ltr'>sacro-</span> 
     </span>
     <span class='ocr_line' id='line_1_7' title="bbox 310 1391 1356 1486; baseline 0 -26"><span class='ocrx_word' id='word_1_48' title='bbox 310 1401 329 1430; x_wconf 91' lang='lat'><strong>“</strong></span> <span class='ocrx_word' id='word_1_49' title='bbox 350 1391 423 1462; x_wconf 82' lang='lat' dir='ltr'>rum</span> <span class='ocrx_word' id='word_1_50' title='bbox 461 1421 621 1464; x_wconf 91' lang='lat' dir='ltr'>canonum</span> <span class='ocrx_word' id='word_1_51' title='bbox 651 1399 834 1474; x_wconf 81' lang='lat' dir='ltr'>sanctiones</span> <span class='ocrx_word' id='word_1_52' title='bbox 868 1421 936 1464; x_wconf 91' lang='lat' dir='ltr'>non</span> <span class='ocrx_word' id='word_1_53' title='bbox 969 1397 1186 1486; x_wconf 86' lang='lat' dir='ltr'>permittunt.¹</span> <span class='ocrx_word' id='word_1_54' title='bbox 1234 1397 1356 1484; x_wconf 83' lang='lat' dir='ltr'>Aequi·</span> 
     </span>
     <span class='ocr_line' id='line_1_8' title="bbox 309 1501 1355 1588; baseline -0.003 -24"><span class='ocrx_word' id='word_1_55' title='bbox 309 1505 328 1534; x_wconf 90' lang='lat'><strong><em>“</em></strong></span> <span class='ocrx_word' id='word_1_56' title='bbox 350 1523 420 1566; x_wconf 89' lang='lat' dir='ltr'>esce</span> <span class='ocrx_word' id='word_1_57' title='bbox 437 1541 441 1550; x_wconf 90' lang='lat'>·</span> <span class='ocrx_word' id='word_1_58' title='bbox 457 1501 561 1588; x_wconf 86' lang='lat' dir='ltr'>igitur</span> <span class='ocrx_word' id='word_1_59' title='bbox 593 1507 700 1566; x_wconf 90' lang='lat' dir='ltr'>mater</span> <span class='ocrx_word' id='word_1_60' title='bbox 732 1523 806 1568; x_wconf 89' lang='lat' dir='ltr'>mea</span> <span class='ocrx_word' id='word_1_61' title='bbox 821 1501 983 1576; x_wconf 79' lang='lat' dir='ltr'>consiliis</span> <span class='ocrx_word' id='word_1_62' title='bbox 1006 1503 1096 1582; x_wconf 91' lang='lat' dir='ltr'>meis,</span> <span class='ocrx_word' id='word_1_63' title='bbox 1131 1509 1165 1568; x_wconf 91' lang='lat' dir='ltr'>et</span> <span class='ocrx_word' id='word_1_64' title='bbox 1199 1521 1355 1588; x_wconf 89' lang='lat' dir='ltr'>sponsum</span> 
     </span>
     <span class='ocr_line' id='line_1_9' title="bbox 296 1591 1354 1694; baseline -0.003 -28"><span class='ocrx_word' id='word_1_65' title='bbox 296 1591 415 1666; x_wconf 42' lang='grc' dir='ltr'>γα11111</span> <span class='ocrx_word' id='word_1_66' title='bbox 440 1601 521 1690; x_wconf 86' lang='lat' dir='ltr'>jam¹</span> <span class='ocrx_word' id='word_1_67' title='bbox 534 1625 610 1670; x_wconf 88' lang='lat' dir='ltr'>non</span> <span class='ocrx_word' id='word_1_68' title='bbox 640 1605 837 1670; x_wconf 84' lang='lat' dir='ltr'>moriturum</span> <span class='ocrx_word' id='word_1_69' title='bbox 866 1603 1024 1670; x_wconf 78' lang='lat' dir='ltr'>tradanu”</span> <span class='ocrx_word' id='word_1_70' title='bbox 1062 1603 1133 1694; x_wconf 70' lang='grc' dir='ltr'>Ι110</span> <span class='ocrx_word' id='word_1_71' title='bbox 1163 1603 1228 1682; x_wconf 80' lang='lat' dir='ltr'>iiia,</span> <span class='ocrx_word' id='word_1_72' title='bbox 1260 1601 1354 1668; x_wconf 88' lang='lat' dir='ltr'><strong>“Fili</strong></span> 
     </span>
     <span class='ocr_line' id='line_1_10' title="bbox 308 1703 1354 1792; baseline 0 -24"><span class='ocrx_word' id='word_1_73' title='bbox 308 1705 403 1784; x_wconf 81' lang='lat' dir='ltr'>“mi,</span> <span class='ocrx_word' id='word_1_74' title='bbox 428 1707 589 1792; x_wconf 89' lang='lat' dir='ltr'>estquod</span> <span class='ocrx_word' id='word_1_75' title='bbox 620 1707 749 1774; x_wconf 86' lang='lat' dir='ltr'>credere</span> <span class='ocrx_word' id='word_1_76' title='bbox 780 1705 954 1792; x_wconf 75' lang='lat' dir='ltr'>possimt”</span> <span class='ocrx_word' id='word_1_77' title='bbox 1009 1707 1055 1772; x_wconf 87' lang='lat' dir='ltr'>Et</span> <span class='ocrx_word' id='word_1_78' title='bbox 1087 1706 1157 1792; x_wconf 87' lang='lat' dir='ltr'>ipse</span> <span class='ocrx_word' id='word_1_79' title='bbox 1191 1703 1354 1772; x_wconf 86' lang='lat' dir='ltr'>inclinans</span> 
     </span>
     <span class='ocr_line' id='line_1_11' title="bbox 243 1805 1354 1898; baseline -0.002 -26"><span class='ocrx_word' id='word_1_80' title='bbox 243 1807 246 1834; x_wconf 70' lang='lat'><em>³</em></span> <span class='ocrx_word' id='word_1_81' title='bbox 307 1807 407 1878; x_wconf 86' lang='lat' dir='ltr'>matri</span> <span class='ocrx_word' id='word_1_82' title='bbox 429 1809 523 1898; x_wconf 83' lang='lat' dir='ltr'>suae&#39;</span> <span class='ocrx_word' id='word_1_83' title='bbox 540 1809 637 1888; x_wconf 75' lang='lat' dir='ltr'>dixit,</span> <span class='ocrx_word' id='word_1_84' title='bbox 662 1809 899 1894; x_wconf 78' lang='lat' dir='ltr'>“Quicumque</span> <span class='ocrx_word' id='word_1_85' title='bbox 932 1809 1064 1874; x_wconf 87' lang='lat' dir='ltr'>nubunt</span> <span class='ocrx_word' id='word_1_86' title='bbox 1098 1807 1238 1886; x_wconf 75' lang='lat' dir='ltr'>Christo,</span> <span class='ocrx_word' id='word_1_87' title='bbox 1271 1805 1354 1874; x_wconf 89' lang='lat' dir='ltr'>acci-</span> 
     </span>
     <span class='ocr_line' id='line_1_12' title="bbox 272 1903 1353 2000; baseline -0.002 -24"><span class='ocrx_word' id='word_1_88' title='bbox 272 1973 273 1976; x_wconf 74' lang='grc'>,</span> <span class='ocrx_word' id='word_1_89' title='bbox 307 1915 327 1948; x_wconf 86' lang='lat'><strong>“</strong></span> <span class='ocrx_word' id='word_1_90' title='bbox 349 1911 476 1996; x_wconf 84' lang='lat' dir='ltr'>pientes</span> <span class='ocrx_word' id='word_1_91' title='bbox 507 1903 620 1996; x_wconf 87' lang='lat' dir='ltr'>Ipsum</span> <span class='ocrx_word' id='word_1_92' title='bbox 652 1933 816 2000; x_wconf 89' lang='lat' dir='ltr'>sponsum,</span> <span class='ocrx_word' id='word_1_93' title='bbox 846 1915 1006 1998; x_wconf 85' lang='lat' dir='ltr'>perpetua</span> <span class='ocrx_word' id='word_1_94' title='bbox 1036 1911 1113 1978; x_wconf 87' lang='lat' dir='ltr'>dote</span> <span class='ocrx_word' id='word_1_95' title='bbox 1136 1911 1288 1996; x_wconf 85' lang='lat' dir='ltr'>ditantur</span> <span class='ocrx_word' id='word_1_96' title='bbox 1318 1909 1353 1974; x_wconf 92' lang='lat' dir='ltr'>in</span> 
     </span>
     <span class='ocr_line' id='line_1_13' title="bbox 306 2013 1353 2102; baseline -0.002 -24"><span class='ocrx_word' id='word_1_97' title='bbox 306 2021 325 2050; x_wconf 88' lang='lat'>“</span> <span class='ocrx_word' id='word_1_98' title='bbox 347 2035 447 2100; x_wconf 88' lang='lat' dir='ltr'>reguo</span> <span class='ocrx_word' id='word_1_99' title='bbox 464 2013 643 2100; x_wconf 54' lang='lat' dir='ltr'>emiorum?</span> <span class='ocrx_word' id='word_1_100' title='bbox 689 2015 735 2078; x_wconf 87' lang='lat' dir='ltr'>Et</span> <span class='ocrx_word' id='word_1_101' title='bbox 749 2015 817 2092; x_wconf 91' lang='lat' dir='ltr'>illa,</span> <span class='ocrx_word' id='word_1_102' title='bbox 835 2021 853 2048; x_wconf 91' lang='lat'><strong>“</strong></span> <span class='ocrx_word' id='word_1_103' title='bbox 863 2015 900 2078; x_wconf 81' lang='lat' dir='ltr'>Si</span> <span class='ocrx_word' id='word_1_104' title='bbox 915 2015 963 2080; x_wconf 84' lang='lat' dir='ltr'>ita</span> <span class='ocrx_word' id='word_1_105' title='bbox 979 2019 1037 2092; x_wconf 87' lang='lat' dir='ltr'>cst,</span> <span class='ocrx_word' id='word_1_106' title='bbox 1053 2015 1232 2102; x_wconf 77' lang='lat' dir='ltr'>impleatur</span> <span class='ocrx_word' id='word_1_107' title='bbox 1247 2033 1353 2078; x_wconf 88' lang='lat' dir='ltr'>sermo</span> 
     </span>
     <span class='ocr_line' id='line_1_14' title="bbox 307 2115 1353 2202; baseline 0.002 -21.932"><span class='ocrx_word' id='word_1_108' title='bbox 307 2121 327 2154; x_wconf 85' lang='lat'><strong>“</strong></span> <span class='ocrx_word' id='word_1_109' title='bbox 350 2139 447 2202; x_wconf 91' lang='lat' dir='ltr'>quem</span> <span class='ocrx_word' id='word_1_110' title='bbox 470 2115 593 2194; x_wconf 76' lang='lat' dir='ltr'>dixisti,</span> <span class='ocrx_word' id='word_1_111' title='bbox 610 2121 649 2196; x_wconf 91' lang='lat' dir='ltr'>ut</span> <span class='ocrx_word' id='word_1_112' title='bbox 673 2117 840 2182; x_wconf 87' lang='lat' dir='ltr'>Britfardo</span> <span class='ocrx_word' id='word_1_113' title='bbox 864 2115 918 2180; x_wconf 84' lang='lat' dir='ltr'>vel</span> <span class='ocrx_word' id='word_1_114' title='bbox 939 2117 997 2180; x_wconf 83' lang='lat' dir='ltr'>ah&#39;i</span> <span class='ocrx_word' id='word_1_115' title='bbox 1019 2117 1179 2180; x_wconf 88' lang='lat' dir='ltr'>morituro</span> <span class='ocrx_word' id='word_1_116' title='bbox 1202 2139 1269 2182; x_wconf 91' lang='lat' dir='ltr'>non</span> <span class='ocrx_word' id='word_1_117' title='bbox 1291 2139 1353 2182; x_wconf 87' lang='lat' dir='ltr'>nu-</span> 
     </span>
     <span class='ocr_line' id='line_1_15' title="bbox 307 2213 1352 2308; baseline 0.004 -26"><span class='ocrx_word' id='word_1_118' title='bbox 307 2225 325 2252; x_wconf 90' lang='lat'><strong>“</strong></span> <span class='ocrx_word' id='word_1_119' title='bbox 341 2217 453 2282; x_wconf 84' lang='lat' dir='ltr'>&#39;bam&#39;&#39;</span> <span class='ocrx_word' id='word_1_120' title='bbox 497 2213 576 2282; x_wconf 78' lang='lat' dir='ltr'>Jam</span> <span class='ocrx_word' id='word_1_121' title='bbox 599 2219 688 2282; x_wconf 85' lang='lat' dir='ltr'>enim</span> <span class='ocrx_word' id='word_1_122' title='bbox 716 2219 812 2306; x_wconf 89' lang='lat' dir='ltr'>prius</span> <span class='ocrx_word' id='word_1_123' title='bbox 845 2219 911 2282; x_wconf 87' lang='lat' dir='ltr'>fide</span> <span class='ocrx_word' id='word_1_124' title='bbox 945 2219 1109 2284; x_wconf 61' lang='lat' dir='ltr'>imbecilli,</span> <span class='ocrx_word' id='word_1_125' title='bbox 1134 2219 1174 2284; x_wconf 90' lang='lat' dir='ltr'>de</span> <span class='ocrx_word' id='word_1_126' title='bbox 1201 2219 1352 2308; x_wconf 87' lang='lat' dir='ltr'>conjugio</span> 
     </span>
     <span class='ocr_line' id='line_1_16' title="bbox 269 2313 1353 2410; baseline 0.002 -26"><span class='ocrx_word' id='word_1_127' title='bbox 269 2373 272 2384; x_wconf 74' lang='grc'>,.</span> <span class='ocrx_word' id='word_1_128' title='bbox 305 2321 522 2408; x_wconf 71' lang='lat' dir='ltr'>cogitaverat</span> <span class='ocrx_word' id='word_1_129' title='bbox 542 2343 619 2408; x_wconf 86' lang='lat' dir='ltr'>erga</span> <span class='ocrx_word' id='word_1_130' title='bbox 649 2321 778 2386; x_wconf 89' lang='lat' dir='ltr'>affinem</span> <span class='ocrx_word' id='word_1_131' title='bbox 810 2313 875 2406; x_wconf 88' lang='lat' dir='ltr'>qui</span> <span class='ocrx_word' id='word_1_132' title='bbox 898 2327 1064 2410; x_wconf 85' lang='lat' dir='ltr'>compater</span> <span class='ocrx_word' id='word_1_133' title='bbox 1087 2321 1157 2408; x_wconf 88' lang='lat' dir='ltr'>ejus</span> <span class='ocrx_word' id='word_1_134' title='bbox 1186 2327 1265 2400; x_wconf 89' lang='lat' dir='ltr'>erat,</span> <span class='ocrx_word' id='word_1_135' title='bbox 1296 2323 1353 2386; x_wconf 89' lang='lat' dir='ltr'>sed</span> 
     </span>
     <span class='ocr_line' id='line_1_17' title="bbox 306 2423 1353 2510; baseline 0.004 -22"><span class='ocrx_word' id='word_1_136' title='bbox 306 2423 477 2488; x_wconf 87' lang='lat' dir='ltr'>Wistanus</span> <span class='ocrx_word' id='word_1_137' title='bbox 505 2423 582 2488; x_wconf 68' lang='lat' dir='ltr'>“Deo</span> <span class='ocrx_word' id='word_1_138' title='bbox 614 2423 754 2490; x_wconf 85' lang='lat' dir='ltr'>devotus</span> <span class='ocrx_word' id='word_1_139' title='bbox 776 2447 798 2486; x_wconf 90' lang='lat' dir='ltr'>a</span> <span class='ocrx_word' id='word_1_140' title='bbox 818 2423 978 2510; x_wconf 75' lang='lat' dir='ltr'>genitrice</span> <span class='ocrx_word' id='word_1_141' title='bbox 1001 2423 1101 2510; x_wconf 83' lang='lat' dir='ltr'>hujus</span> <span class='ocrx_word' id='word_1_142' title='bbox 1130 2423 1353 2492; x_wconf 69' lang='lat' dir='ltr'>immunditiae</span> 
     </span>
     <span class='ocr_line' id='line_1_18' title="bbox 306 2525 1354 2612; baseline 0.002 -24"><span class='ocrx_word' id='word_1_143' title='bbox 306 2525 464 2604; x_wconf 86' lang='lat' dir='ltr'>fomitem,</span> <span class='ocrx_word' id='word_1_144' title='bbox 489 2525 565 2604; x_wconf 90' lang='lat' dir='ltr'>Deo</span> <span class='ocrx_word' id='word_1_145' title='bbox 584 2525 773 2612; x_wconf 85' lang='lat' dir='ltr'>adjuvante,</span> <span class='ocrx_word' id='word_1_146' title='bbox 788 2525 997 2610; x_wconf 70' lang='lat' dir='ltr'>compescuit.</span> <span class='ocrx_word' id='word_1_147' title='bbox 1043 2525 1095 2590; x_wconf 88' lang='lat' dir='ltr'>De</span> <span class='ocrx_word' id='word_1_148' title='bbox 1112 2525 1226 2600; x_wconf 83' lang='lat' dir='ltr'>matris</span> <span class='ocrx_word' id='word_1_149' title='bbox 1249 2525 1354 2612; x_wconf 87' lang='lat' dir='ltr'>igitur</span> 
     </span>
     <span class='ocr_line' id='line_1_19' title="bbox 305 2627 1352 2718; baseline 0 -24"><span class='ocrx_word' id='word_1_150' title='bbox 305 2627 509 2694; x_wconf 86' lang='lat' dir='ltr'>continentia</span> <span class='ocrx_word' id='word_1_151' title='bbox 530 2649 587 2714; x_wconf 89' lang='lat' dir='ltr'>spe</span> <span class='ocrx_word' id='word_1_152' title='bbox 611 2627 791 2718; x_wconf 87' lang='lat' dir='ltr'>certissima</span> <span class='ocrx_word' id='word_1_153' title='bbox 813 2631 978 2712; x_wconf 85' lang='lat' dir='ltr'>concepta,</span> <span class='ocrx_word' id='word_1_154' title='bbox 1002 2627 1166 2694; x_wconf 89' lang='lat' dir='ltr'>accersitis</span> <span class='ocrx_word' id='word_1_155' title='bbox 1187 2627 1352 2714; x_wconf 87' lang='lat' dir='ltr'>praedictis</span> 
     </span>
     <span class='ocr_line' id='line_1_20' title="bbox 270 2709 1351 2816; baseline 0.004 -24"><span class='ocrx_word' id='word_1_156' title='bbox 270 2709 278 2732; x_wconf 47' lang='lat' dir='ltr'><em>s</em></span> <span class='ocrx_word' id='word_1_157' title='bbox 304 2729 576 2806; x_wconf 83' lang='lat' dir='ltr'>nuntiis·.beatus</span> <span class='ocrx_word' id='word_1_158' title='bbox 599 2729 771 2794; x_wconf 84' lang='lat' dir='ltr'>Wistanns</span> <span class='ocrx_word' id='word_1_159' title='bbox 803 2729 1005 2792; x_wconf 81' lang='lat' dir='ltr'>matrimonii</span> <span class='ocrx_word' id='word_1_160' title='bbox 1038 2729 1275 2816; x_wconf 86' lang='lat' dir='ltr'>impedimenta</span> <span class='ocrx_word' id='word_1_161' title='bbox 1303 2731 1351 2796; x_wconf 88' lang='lat' dir='ltr'>eis</span> 
     </span>
     <span class='ocr_line' id='line_1_21' title="bbox 304 2829 1349 2922; baseline 0 -26"><span class='ocrx_word' id='word_1_162' title='bbox 304 2831 475 2910; x_wconf 75' lang='lat' dir='ltr'>retelavit,</span> <span class='ocrx_word' id='word_1_163' title='bbox 498 2829 533 2922; x_wconf 78' lang='lat' dir='ltr'>et</span> <span class='ocrx_word' id='word_1_164' title='bbox 554 2853 613 2918; x_wconf 89' lang='lat' dir='ltr'>per</span> <span class='ocrx_word' id='word_1_165' title='bbox 636 2831 765 2898; x_wconf 89' lang='lat' dir='ltr'>eosdem</span> <span class='ocrx_word' id='word_1_166' title='bbox 800 2831 969 2898; x_wconf 85' lang='lat' dir='ltr'>Britfardo</span> <span class='ocrx_word' id='word_1_167' title='bbox 1003 2831 1211 2896; x_wconf 76' lang='lat' dir='ltr'>renuntiavit</span> <span class='ocrx_word' id='word_1_168' title='bbox 1241 2831 1349 2918; x_wconf 88' lang='lat' dir='ltr'>ipsum</span> 
     </span>
     <span class='ocr_line' id='line_1_22' title="bbox 304 2925 1349 3020; baseline 0 -20"><span class='ocrx_word' id='word_1_169' title='bbox 304 2939 521 3000; x_wconf 84' lang='lat' dir='ltr'>commatrem</span> <span class='ocrx_word' id='word_1_170' title='bbox 546 2955 639 2998; x_wconf 88' lang='lat' dir='ltr'>suam</span> <span class='ocrx_word' id='word_1_171' title='bbox 667 2939 702 2998; x_wconf 97' lang='lat' dir='ltr'>et</span> <span class='ocrx_word' id='word_1_172' title='bbox 733 2933 863 3020; x_wconf 80' lang='lat' dir='ltr'>cognati</span> <span class='ocrx_word' id='word_1_173' title='bbox 896 2955 1032 2998; x_wconf 86' lang='lat' dir='ltr'>uxorem</span> <span class='ocrx_word' id='word_1_174' title='bbox 1063 2955 1132 2996; x_wconf 91' lang='lat' dir='ltr'>non</span> <span class='ocrx_word' id='word_1_175' title='bbox 1166 2925 1349 3000; x_wconf 88' lang='lat' dir='ltr'>ducturum.</span> 
     </span>
     <span class='ocr_line' id='line_1_23' title="bbox 230 3035 1348 3122; baseline -0.002 -20"><span class='ocrx_word' id='word_1_176' title='bbox 230 3055 232 3064; x_wconf 79' lang='grc'>’</span> <span class='ocrx_word' id='word_1_177' title='bbox 303 3037 424 3104; x_wconf 83' lang='lat' dir='ltr'>Nuntii</span> <span class='ocrx_word' id='word_1_178' title='bbox 456 3059 542 3114; x_wconf 86' lang='lat' dir='ltr'>vero,</span> <span class='ocrx_word' id='word_1_179' title='bbox 564 3035 705 3102; x_wconf 89' lang='lat' dir='ltr'>veritate</span> <span class='ocrx_word' id='word_1_180' title='bbox 728 3035 868 3122; x_wconf 88' lang='lat' dir='ltr'>cognita,</span> <span class='ocrx_word' id='word_1_181' title='bbox 899 3057 967 3102; x_wconf 90' lang='grc'>11011</span> <span class='ocrx_word' id='word_1_182' title='bbox 992 3039 1125 3100; x_wconf 84' lang='lat' dir='ltr'>tantum</span> <span class='ocrx_word' id='word_1_183' title='bbox 1155 3035 1348 3102; x_wconf 85' lang='lat' dir='ltr'>mandatum</span> 
     </span>
     <span class='ocr_line' id='line_1_24' title="bbox 303 3137 1349 3230; baseline 0 -26"><span class='ocrx_word' id='word_1_184' title='bbox 303 3141 392 3206; x_wconf 89' lang='lat' dir='ltr'>beati</span> <span class='ocrx_word' id='word_1_185' title='bbox 414 3137 560 3204; x_wconf 87' lang='lat' dir='ltr'>Wistani</span> <span class='ocrx_word' id='word_1_186' title='bbox 593 3137 752 3230; x_wconf 79' lang='lat' dir='ltr'>Brisardo</span> <span class='ocrx_word' id='word_1_187' title='bbox 770 3137 827 3222; x_wconf 90' lang='lat' dir='ltr'>qui</span> <span class='ocrx_word' id='word_1_188' title='bbox 845 3159 905 3202; x_wconf 88' lang='lat' dir='ltr'>eos</span> <span class='ocrx_word' id='word_1_189' title='bbox 928 3137 1063 3202; x_wconf 84' lang='lat' dir='ltr'>miserat</span> <span class='ocrx_word' id='word_1_190' title='bbox 1085 3137 1277 3224; x_wconf 84' lang='lat' dir='ltr'>simpliciter</span> <span class='ocrx_word' id='word_1_191' title='bbox 1298 3161 1349 3204; x_wconf 90' lang='lat' dir='ltr'>re·</span> 
     </span>
     <span class='ocr_line' id='line_1_25' title="bbox 298 3239 1348 3328; baseline -0.003 -19"><span class='ocrx_word' id='word_1_192' title='bbox 298 3243 462 3328; x_wconf 88' lang='lat' dir='ltr'>tulerunt,</span> <span class='ocrx_word' id='word_1_193' title='bbox 497 3241 555 3308; x_wconf 89' lang='lat' dir='ltr'>sed</span> <span class='ocrx_word' id='word_1_194' title='bbox 589 3241 690 3324; x_wconf 78' lang='lat' dir='ltr'>etiam</span> <span class='ocrx_word' id='word_1_195' title='bbox 724 3239 931 3328; x_wconf 89' lang='lat' dir='ltr'>poenitentia</span> <span class='ocrx_word' id='word_1_196' title='bbox 953 3239 1055 3310; x_wconf 51' lang='lat' dir='ltr'>ducti,</span> <span class='ocrx_word' id='word_1_197' title='bbox 1079 3241 1167 3326; x_wconf 87' lang='lat' dir='ltr'>quod</span> <span class='ocrx_word' id='word_1_198' title='bbox 1195 3263 1255 3326; x_wconf 90' lang='lat' dir='ltr'>pro</span> <span class='ocrx_word' id='word_1_199' title='bbox 1287 3243 1348 3306; x_wconf 88' lang='lat' dir='ltr'>tali</span> 
     </span>
     <span class='ocr_line' id='line_1_26' title="bbox 301 3339 1349 3430; baseline -0.001 -19"><span class='ocrx_word' id='word_1_200' title='bbox 301 3343 513 3410; x_wconf 86' lang='lat' dir='ltr'>matrimonio</span> <span class='ocrx_word' id='word_1_201' title='bbox 536 3339 799 3422; x_wconf 80' lang='lat' dir='ltr'>intercesserant,</span> <span class='ocrx_word' id='word_1_202' title='bbox 837 3365 878 3406; x_wconf 90' lang='lat' dir='ltr'>ne</span> <span class='ocrx_word' id='word_1_203' title='bbox 918 3343 1065 3428; x_wconf 84' lang='lat' dir='ltr'>reginam</span> <span class='ocrx_word' id='word_1_204' title='bbox 1104 3343 1220 3408; x_wconf 88' lang='lat' dir='ltr'>amodo</span> <span class='ocrx_word' id='word_1_205' title='bbox 1253 3365 1349 3430; x_wconf 88' lang='lat' dir='ltr'>super</span> 
     </span>
     <span class='ocr_line' id='line_1_27' title="bbox 301 3447 1348 3528; baseline -0.002 -12"><span class='ocrx_word' id='word_1_206' title='bbox 301 3449 418 3516; x_wconf 85' lang='lat' dir='ltr'>illicito</span> <span class='ocrx_word' id='word_1_207' title='bbox 444 3447 653 3514; x_wconf 88' lang='lat' dir='ltr'>matrimonio</span> <span class='ocrx_word' id='word_1_208' title='bbox 684 3447 863 3528; x_wconf 84' lang='lat' dir='ltr'>solicitaret</span> <span class='ocrx_word' id='word_1_209' title='bbox 886 3447 1052 3512; x_wconf 85' lang='lat' dir='ltr'>Britfardo</span> <span class='ocrx_word' id='word_1_210' title='bbox 1086 3449 1348 3514; x_wconf 85' lang='lat' dir='ltr'>constantissime</span> 
     </span>
     <span class='ocr_line' id='line_1_28' title="bbox 301 3539 1348 3642; baseline -0.001 -23"><span class='ocrx_word' id='word_1_211' title='bbox 301 3539 537 3642; x_wconf 79' lang='lat' dir='ltr'>persuaserunt.</span> <span class='ocrx_word' id='word_1_212' title='bbox 584 3549 754 3616; x_wconf 77' lang='lat' dir='ltr'>Brisardus</span> <span class='ocrx_word' id='word_1_213' title='bbox 776 3549 888 3634; x_wconf 90' lang='lat' dir='ltr'>itaque</span> <span class='ocrx_word' id='word_1_214' title='bbox 911 3571 966 3636; x_wconf 88' lang='lat' dir='ltr'>spe</span> <span class='ocrx_word' id='word_1_215' title='bbox 989 3571 1049 3614; x_wconf 88' lang='lat' dir='ltr'>sua</span> <span class='ocrx_word' id='word_1_216' title='bbox 1067 3549 1278 3616; x_wconf 85' lang='lat' dir='ltr'>fraudulenta</span> <span class='ocrx_word' id='word_1_217' title='bbox 1293 3553 1348 3618; x_wconf 92' lang='lat' dir='ltr'>de-</span> 
     </span>
     <span class='ocr_line' id='line_1_29' title="bbox 301 3653 1349 3742; baseline 0 -20"><span class='ocrx_word' id='word_1_218' title='bbox 301 3661 422 3742; x_wconf 87' lang='lat' dir='ltr'>ceptus,</span> <span class='ocrx_word' id='word_1_219' title='bbox 434 3653 553 3720; x_wconf 85' lang='lat' dir='ltr'>videns</span> <span class='ocrx_word' id='word_1_220' title='bbox 568 3653 631 3718; x_wconf 77' lang='lat' dir='ltr'>sibi</span> <span class='ocrx_word' id='word_1_221' title='bbox 646 3653 762 3716; x_wconf 82' lang='lat' dir='ltr'>iiiicita</span> <span class='ocrx_word' id='word_1_222' title='bbox 777 3653 940 3716; x_wconf 85' lang='lat' dir='ltr'>connubia</span> <span class='ocrx_word' id='word_1_223' title='bbox 955 3653 1147 3718; x_wconf 88' lang='lat' dir='ltr'>contrahere</span> <span class='ocrx_word' id='word_1_224' title='bbox 1162 3677 1227 3720; x_wconf 91' lang='lat' dir='ltr'>non</span> <span class='ocrx_word' id='word_1_225' title='bbox 1244 3655 1349 3734; x_wconf 82' lang='lat' dir='ltr'>tioerc,</span> 
     </span>
     <span class='ocr_line' id='line_1_30' title="bbox 301 3753 1348 3842; baseline 0.001 -19"><span class='ocrx_word' id='word_1_226' title='bbox 301 3757 434 3824; x_wconf 88' lang='lat' dir='ltr'>domino</span> <span class='ocrx_word' id='word_1_227' title='bbox 473 3769 532 3822; x_wconf 88' lang='lat' dir='ltr'>su&#39;o</span> <span class='ocrx_word' id='word_1_228' title='bbox 563 3757 660 3820; x_wconf 90' lang='lat' dir='ltr'>beato</span> <span class='ocrx_word' id='word_1_229' title='bbox 692 3753 843 3818; x_wconf 89' lang='lat' dir='ltr'>Wistano</span> <span class='ocrx_word' id='word_1_230' title='bbox 878 3755 1086 3842; x_wconf 86' lang='lat' dir='ltr'>impediente,</span> <span class='ocrx_word' id='word_1_231' title='bbox 1124 3763 1277 3824; x_wconf 50' lang='lat' dir='ltr'>conatus¹</span> <span class='ocrx_word' id='word_1_232' title='bbox 1298 3767 1348 3824; x_wconf 87' lang='lat' dir='ltr'>est</span> 
     </span>
    </p>

    <p class='ocr_par' dir='ltr' id='par_1_4' title="bbox 300 3851 1395 4254">
     <span class='ocr_line' id='line_1_31' title="bbox 301 3851 1395 3948; baseline 0 -22"><span class='ocrx_word' id='word_1_233' title='bbox 301 3863 341 3926; x_wconf 89' lang='lat' dir='ltr'>de</span> <span class='ocrx_word' id='word_1_234' title='bbox 367 3863 474 3926; x_wconf 85' lang='lat' dir='ltr'>morte</span> <span class='ocrx_word' id='word_1_235' title='bbox 497 3851 603 3944; x_wconf 88' lang='lat' dir='ltr'>ipsius</span> <span class='ocrx_word' id='word_1_236' title='bbox 623 3861 778 3936; x_wconf 85' lang='lat' dir='ltr'>tractare,</span> <span class='ocrx_word' id='word_1_237' title='bbox 794 3853 833 3920; x_wconf 93' lang='lat' dir='ltr'>ut</span> <span class='ocrx_word' id='word_1_238' title='bbox 858 3879 895 3922; x_wconf 98' lang='lat' dir='ltr'>eo</span> <span class='ocrx_word' id='word_1_239' title='bbox 919 3857 959 3922; x_wconf 88' lang='lat' dir='ltr'>de</span> <span class='ocrx_word' id='word_1_240' title='bbox 989 3859 1098 3924; x_wconf 88' lang='lat' dir='ltr'>medio</span> <span class='ocrx_word' id='word_1_241' title='bbox 1122 3861 1251 3926; x_wconf 87' lang='lat' dir='ltr'>sublato</span> <span class='ocrx_word' id='word_1_242' title='bbox 1274 3883 1347 3948; x_wconf 89' lang='lat' dir='ltr'>pro·</span> <span class='ocrx_word' id='word_1_243' title='bbox 1394 3871 1395 3874; x_wconf 76' lang='grc'>’</span> 
     </span>
     <span class='ocr_line' id='line_1_32' title="bbox 301 3959 1347 4052; baseline 0 -24"><span class='ocrx_word' id='word_1_244' title='bbox 301 3963 448 4052; x_wconf 87' lang='lat' dir='ltr'>positum</span> <span class='ocrx_word' id='word_1_245' title='bbox 471 3967 567 4026; x_wconf 87' lang='lat' dir='ltr'>suum</span> <span class='ocrx_word' id='word_1_246' title='bbox 593 3961 789 4048; x_wconf 85' lang='lat' dir='ltr'>sceleratum</span> <span class='ocrx_word' id='word_1_247' title='bbox 812 3959 855 4024; x_wconf 90' lang='lat' dir='ltr'>ad</span> <span class='ocrx_word' id='word_1_248' title='bbox 877 3959 1159 4048; x_wconf 71' lang='lat' dir='ltr'>finem&#39;pcrducat</span> <span class='ocrx_word' id='word_1_249' title='bbox 1181 3965 1347 4030; x_wconf 83' lang='lat' dir='ltr'>nefandis-</span> 
     </span>
     <span class='ocr_line' id='line_1_33' title="bbox 301 4059 1345 4148; baseline 0.001 -18"><span class='ocrx_word' id='word_1_250' title='bbox 301 4067 430 4130; x_wconf 85' lang='lat' dir='ltr'>simum.</span> <span class='ocrx_word' id='word_1_251' title='bbox 478 4061 546 4128; x_wconf 79' lang='lat' dir='ltr'>Sed</span> <span class='ocrx_word' id='word_1_252' title='bbox 561 4067 594 4128; x_wconf 92' lang='lat' dir='ltr'>et</span> <span class='ocrx_word' id='word_1_253' title='bbox 609 4061 680 4128; x_wconf 88' lang='lat' dir='ltr'>haec</span> <span class='ocrx_word' id='word_1_254' title='bbox 702 4059 828 4136; x_wconf 79' lang='lat' dir='ltr'>nefaria</span> <span class='ocrx_word' id='word_1_255' title='bbox 843 4061 1048 4148; x_wconf 80' lang='lat' dir='ltr'>spesfefeliit</span> <span class='ocrx_word' id='word_1_256' title='bbox 1063 4063 1235 4130; x_wconf 87' lang='lat' dir='ltr'>dominum</span> <span class='ocrx_word' id='word_1_257' title='bbox 1250 4089 1345 4130; x_wconf 89' lang='lat' dir='ltr'>suum</span> 
     </span>
     <span class='ocr_line' id='line_1_34' title="bbox 300 4155 1346 4254; baseline 0.001 -21"><span class='ocrx_word' id='word_1_258' title='bbox 300 4165 498 4242; x_wconf 80' lang='lat' dir='ltr'>Brifardurn</span> <span class='ocrx_word' id='word_1_259' title='bbox 512 4155 607 4230; x_wconf 90' lang='lat' dir='ltr'>&#39;sicut</span> <span class='ocrx_word' id='word_1_260' title='bbox 629 4169 797 4250; x_wconf 87' lang='lat' dir='ltr'>gestorum</span> <span class='ocrx_word' id='word_1_261' title='bbox 821 4165 1022 4250; x_wconf 87' lang='lat' dir='ltr'>subsequens</span> <span class='ocrx_word' id='word_1_262' title='bbox 1037 4173 1176 4232; x_wconf 88' lang='lat' dir='ltr'>eventus</span> <span class='ocrx_word' id='word_1_263' title='bbox 1199 4189 1346 4254; x_wconf 84' lang='lat' dir='ltr'>compro-</span> 
     </span>
    </p>
   </div>
   <div class='ocr_carea' id='block_1_3' title="bbox 299 4517 1344 4670">
    <p class='ocr_par' dir='ltr' id='par_1_5' title="bbox 299 4517 1344 4670">
     <span class='ocr_line' id='line_1_35' title="bbox 333 4517 1344 4584; baseline 0.001 -15"><span class='ocrx_word' id='word_1_264' title='bbox 333 4523 365 4552; x_wconf 88' lang='lat'>¹“</span> <span class='ocrx_word' id='word_1_265' title='bbox 373 4519 402 4570; x_wconf 88' lang='lat' dir='ltr'>Si</span> <span class='ocrx_word' id='word_1_266' title='bbox 410 4517 633 4584; x_wconf 83' lang='lat' dir='ltr'>quiscommatrem</span> <span class='ocrx_word' id='word_1_267' title='bbox 642 4517 799 4582; x_wconf 84' lang='lat' dir='ltr'>spiritualem</span> <span class='ocrx_word' id='word_1_268' title='bbox 839 4517 922 4574; x_wconf 69' lang='lat' dir='ltr'>f‘sit.‘’</span> <span class='ocrx_word' id='word_1_269' title='bbox 956 4519 1065 4568; x_wconf 80' lang='lat' dir='ltr'>Decreta</span> <span class='ocrx_word' id='word_1_270' title='bbox 1082 4517 1198 4582; x_wconf 81' lang='lat' dir='ltr'>Gregorii</span> <span class='ocrx_word' id='word_1_271' title='bbox 1215 4517 1236 4568; x_wconf 90' lang='lat'>1.</span> <span class='ocrx_word' id='word_1_272' title='bbox 1255 4519 1344 4584; x_wconf 74' lang='lat' dir='ltr'>Opera,</span> 
     </span>
     <span class='ocr_line' id='line_1_36' title="bbox 299 4595 1282 4670; baseline -0.001 -19"><span class='ocrx_word' id='word_1_273' title='bbox 299 4599 427 4652; x_wconf 79' lang='lat' dir='ltr'>“duxerit</span> <span class='ocrx_word' id='word_1_274' title='bbox 445 4595 473 4646; x_wconf 90' lang='grc'>111</span> <span class='ocrx_word' id='word_1_275' title='bbox 491 4595 647 4664; x_wconf 80' lang='lat' dir='ltr'>conjugium,</span> <span class='ocrx_word' id='word_1_276' title='bbox 664 4595 798 4646; x_wconf 70' lang='grc'>0001110010</span> <span class='ocrx_word' id='word_1_277' title='bbox 838 4597 881 4670; x_wconf 80' lang='lat' dir='ltr'>sol.</span> <span class='ocrx_word' id='word_1_278' title='bbox 893 4599 951 4648; x_wconf 86' lang='lat' dir='ltr'>Par.</span> <span class='ocrx_word' id='word_1_279' title='bbox 965 4601 1035 4658; x_wconf 84' lang='lat'>1705,</span> <span class='ocrx_word' id='word_1_280' title='bbox 1049 4597 1099 4650; x_wconf 81' lang='lat' dir='ltr'>vol.</span> <span class='ocrx_word' id='word_1_281' title='bbox 1112 4597 1137 4648; x_wconf 84' lang='lat' dir='ltr'>ii</span> <span class='ocrx_word' id='word_1_282' title='bbox 1150 4597 1197 4648; x_wconf 85' lang='lat' dir='ltr'>col.</span> <span class='ocrx_word' id='word_1_283' title='bbox 1212 4603 1282 4650; x_wconf 77' lang='lat'>1293.</span> 
     </span>
    </p>
   </div>
   <div class='ocr_carea' id='block_1_4' title="bbox 0 0 1654 5666">
    <p class='ocr_par' dir='ltr' id='par_1_6' title="bbox 0 0 1654 5666">
     <span class='ocr_line' id='line_1_37' title="bbox 0 0 1654 5666; baseline 0 4"><span class='ocrx_word' id='word_1_284' title='bbox 0 0 1654 5666; x_wconf 95' lang='lat' dir='ltr'> </span> 
     </span>
    </p>
   </div>
  </div>
 </body>
</html>
