3300 5666
340 701 381 764 28
554 719 753 768 onnonrcon
768 717 922 768 Asnurrn
939 719 984 768 nn
1000 713 1167 766 nvnsnnu.

340 899 403 972 tur,
419 895 517 958 'salvo
540 915 597 980 per
620 893 730 958 omnia
751 893 895 958 historiae
917 897 1041 972 tenore,
1057 893 1093 956 in
1116 897 1248 958 tanturn
1271 893 1384 956 abbre-

340 997 465 1064 viarem
495 993 534 1062 ut
564 995 724 1062 fastidiosi
755 995 920 1060 auditores
942 995 1056 1060 tedio
1071 1017 1139 1082 non
1158 993 1382 1074 afficerentur,

341 1101 389 1166 ita
411 1099 565 1166 videlicet
587 1097 699 1164 stilum
715 1105 919 1184 temperans,
946 1097 1033 1184 quod
1057 1105 1197 1186 utraque
1220 1121 1279 1184 pro
1303 1105 1385 1166 tem·

341 1223 457 1288 porum
486 1199 646 1288 qualitate
671 1201 899 1266 natalitiorum
926 1200 1098 1268 eomndern
1124 1203 1161 1266 in
1183 1201 1303 1266 eisdem
1326 1201 1387 1268 fes-

341 1305 533 1368 tivitatibus
560 1303 602 1366 ad
625 1304 795 1390 legendam
818 1305 854 1368 iu
876 1303 1046 1368 nocturnis
1068 1303 1194 1390 vigiliis
1217 1303 1385 1370 sufficeret.

344 1405 449 1492 Magis
485 1407 598 1492 itaque
617 1435 618 1440 ¹
636 1409 676 1472 de
710 1429 821 1474 eorum
856 1409 958 1472 sacra
979 1407 1062 1472 circa
1094 1407 1222 1472 eosdem
1257 1413 1386 1472 sanctos

344 1511 518 1574 devotione
558 1511 728 1596 quamde
764 1533 837 1574 mea
875 1511 1015 1576 confisus
1058 1511 1254 1598 eloquentia,
1286 1511 1386 1576 immo

344 1619 479 1678 ornnem
496 1635 585 1700 spem
607 1635 732 1700 ponens
754 1613 789 1676 in
811 1613 859 1678 Eo
877 1613 942 1694 Qui
957 1613 1088 1700 linguas
1111 1613 1287 1678 infantium
1310 1613 1389 1678 facit
1442 1701 1443 1704 Ἴ

344 1715 489 1792 disertas,
513 1707 653 1780 fratrum
674 1717 840 1804 voluntati
863 1718 955 1782 velut
976 1715 1387 1802 praecepto'obtemperavi

345 1823 380 1882 et
404 1825 581 1904 utrumque
615 1841 703 1906 opus,
732 1841 807 1884 non·
828 1823 926 1904 prout
955 1819 1047 1884 volui
1077 1819 1134 1884 sed
1163 1823 1262 1904 prout
1286 1819 1388 1906 potui,

346 1921 416 1986 Deo
439 1919 617 2006 adjuvante
645 1923 816 2008 complevi(
858 1923 940 2002 Quae
957 1943 1058 2006 quum
1076 1921 1229 1986 'domiuo'
1246 1921 1389 1988 Cantua-

345 2025 444 2090 riensi
468 2015 657 2110 corrigenda
679 2025 836 2110 legissem,
860 2029 894 2088 et
916 2025 985 2110 ipse
1007 2033 1056 2090 ea
1069 2023 1278 2110 approbando
1305 2045 1390 2090 com-

346 2127 540 2204 mendasset,
556 2131 590 2192 et
606 2149 706 2212 quum
723 2129 835 2194 eadem
859 2125 1016 2192 fratribus
1038 2125 1246 2212 placuissent,
1266 2127 1391 2192 iterum

347 2229 457 2294 crebro
474 2285 475 2288 ,
482 2230 696 2316 pulsaverunt
719 2251 771 2294 me
794 2229 943 2316 precibus
966 2231 1032 2294 suis
1055 2235 1094 2294 ut
1116 2229 1391 2296 in'translatione

347 2333 491 2420 ejusdem
513 2333 770 2420 patroni'nostri
792 2331 880 2398 beati
902 2333 1051 2420 Ecgwini
1082 2333 1391 2398 tantae‘festivitati

347 2441 578 2524 congruentem
601 2441 635 2500 et
658 2435 828 2524 specialem
850 2437 1021 2522 legendam
1044 2435 1085 2500 ad
1109 2441 1287 2502 nocturnas
1308 2435 1392 2522 vigi-

314 2547 315 2550 ’
348 2541 416 2618 lias,
441 2561 514 2630 quae
537 2539 645 2604 minus
668 2539 755 2626 apud
786 2561 844 2624 nos
873 2533 984 2606 ¹adhuc
1010 2539 1203 2618 habebatur,
1235 2541 1292 2606 eis
1305 2561 1392 2604 oom-

347 2663 506 2730 ponerem.
542 2641 611 2728 Ego
634 2663 718 2720 vero,
744 2643 894 2726 quamvis
916 2643 1110 2728 petitionem
1133 2643 1265 2706 illomm
1288 2641 1392 2708 veluti

347 2743 475 2810 ratione
490 2743 651 2810 nitentem
673 2741 889 2830 intelligerem
911 2745 1161 2824 exaudiendam,
1179 2765 1278 2828 quum
1295 2745 1393 2810 etiam

349 2869 433 2936 saepe
459 2845 629 2932 puduisset
656 2869 707 2912 me
731 2847 821 2934 ,quod
845 2849 882 2910 in
907 2851 1004 2912 tanta
1028 2847 1209 2912 festivitate
1233 2847 1272 2912 de
1299 2851 1393 2912 tanto
1472 2915 1478 2922 ,,

349 2955 487 3036 patrono
518 2949 602 3014 nihil
625 2951 761 3036 speciale
787 2951 829 3014 ad
859 2955 1035 3014 nocturnas
1062 2949 1192 3036 vigilias
1215 2949 1394 3036 legebatur,

349 3057 460 3118 tamen
484 3053 598 3118 videns
622 3057 755 3136 tanturn
780 3075 859 3140 opus
890 3075 987 3140 supra
1000 3075 1063 3128 ¹me
1080 3047 1170 3132 esse,
1197 3053 1266 3116 diu
1282 3053 1394 3116 distuli

349 3157 493 3242 praebere
517 3155 562 3220 eis
585 3177 759 3220 assensum.
792 3155 837 3220 Et
851 3155 912 3220 hoo
934 3155 1007 3220 ideo
1030 3155 1173 3220 maxime
1196 3155 1273 3242 quia
1293 3175 1395 3242 quum

351 3257 507 3324 miracula
537 3263 721 3324 sanctorum
744 3259 781 3322 in
803 3281 914 3324 eorum
936 3257 1206 3322 translationibus
1234 3257 1300 3344 legi
1322 3279 1397 3322 con·

352 3359 525 3440 sueverint,
561 3359 719 3446 putabam
752 3361 789 3426 iu
826 3359 964 3448 legenda
1001 3359 1104 3424 infra
1125 3359 1255 3426 octabas
1287 3359 1396 3424 omnia

352 3485 426 3548 quae
452 3462 492 3526 de
515 3463 629 3530 eodem
652 3469 798 3550 patrono.
821 3469 933 3528 nostro
956 3463 1077 3548 scripta
1100 3469 1202 3544 erant,
1228 3485 1296 3530 esse
1323 3485 1397 3530 oon-

353 3557 526 3630 summata¹
546 3569 579 3630 et
603 3587 750 3652 expensa.
812 3565 984 3630 Fratribus
1016 3571 1129 3630 tamen
1159 3567 1195 3628 in
1224 3565 1397 3630 voluntate

353 3665 725 3754 suaperseverantibus,
758 3689 842 3754 saepe
864 3673 899 3734 et
925 3670 1067 3733 multum
1098 3689 1225 3734 mecum
1256 3667 1397 3752 cogitare

353 3771 447 3856 ooepi,
471 3772 583 3836 volens
605 3793 717 3836 eorum
732 3771 898 3836 voluntati
922 3771 1115 3848 satisfacere,
1131 3771 1218 3836 unde
1242 3771 1397 3836 sermonis

354 3893 512 3938 sumerem
536 3873 705 3938 materiam
728 3875 762 3936 et
786 3871 963 3950 exordium,
980 3871 1149 3958 postulans
1172 3871 1213 3936 ab
1237 3873 1284 3936 Eo
1306 3871 1398 3936 auxi-

353 3965 434 4038 lium
458 3971 560 4058 Oujus
584 3969 726 4060 Spiritus
749 3965 806 4036 ubi
830 3973 905 4038 vult
927 3973 1038 4058 spirat,
1051 3989 1052 3992 ’
1066 3977 1099 4038 et
1127 3971 1191 4052 Qui
1215 3973 1272 4038 dat
1295 3973 1397 4064 omni-

354 4069 415 4138 bus
452 4073 622 4140 affluenter
660 4079 693 4140 et
731 4097 798 4140 non
832 4073 1040 4162 improperat.
1103 4075 1259 4140 Interim·
1287 4081 1398 4142 autem

354 4175 475 4240 librum
512 4165 568 4262 qui
603 4175 643 4240 de
670 4175 815 4262 ejusdem
843 4175 934 4240 beati
957 4175 1034 4240 'viri
1064 4175 1230 4242 miraculis
1259 4177 1398 4262 scriptus

356 4283 406 4344 cst
428 4277 538 4364 legens
568 4283 601 4342 et
629 4278 786 4364 relegens,
819 4277 953 4342 tandem
989 4279 1052 4344 duo
1082 4283 1214 4344 tantum
1244 4267 1404 4344 miracula

357 4373 470 4442 inveni
492 4391 565 4462 quae
588 4373 624 4444 in
646 4379 783 4464 legenda
805 4379 892 4442 infra
914 4377 1046 4442 octabas
1068 4379 1176 4464 posita
1205 4401 1271 4442 non
1298 4385 1398 4444 erant.

358 4481 483 4562 Quibus
523 4478 615 4544 lectis
655 4483 689 4542 et
722 4481 948 4568 perspicaciter
984 4481 1169 4558 intellectis,
1210 4479 1323 4544 inveni
1361 4495 1399 4544 ea

357 4583 500 4652 maxime
521 4581 687 4670 proposito
717 4603 769 4646 me
799 4583 1029 4650 convenientia
1052 4585 1085 4646 et
1115 4581 1204 4670 operi
1227 4581 1399 4668 praelibato
