3300 5666
365 827 437 890 126
563 841 763 890 canonicor
787 837 943 890 assarna
968 845 1014 890 ns
1037 837 1206 890 nvnsnatt.

198 1017 379 1082 A.D.1203.“
404 1022 474 1082 cato
499 1017 631 1082 consilio
653 1017 719 1080 tale
744 1017 824 1098 quid
846 1009 988 1094 fecimus,
1004 1021 1038 1080 et
1060 1015 1123 1080 nisi
1147 1015 1241 1082 modo
1257 1015 1413 1081 veneritis

366 1127 383 1154 “
404 1119 515 1204 pejora
536 1119 690 1184 faciemus
721 1125 852 1204 propter
883 1133 955 1202 quoe
980 1119 1143 1204 oportebit
1166 1141 1224 1184 vos
1247 1121 1358 1184 venire
1382 1123 1415 1182 et

368 1231 384 1256 “
406 1227 475 1286 tam
498 1223 654 1308 incapite
678 1243 774 1308 quam
797 1223 833 1286 in
856 1221 1010 1286 membris
1034 1221 1225 1308 corrigenda
1247 1223 1413 1308 corrigere.

200 1333 356 1396 Marleberge
369 1333 385 1358 “
409 1325 468 1388 Sin
490 1331 608 1402 autern,
632 1329 672 1388 ut
694 1325 878 1410 requiratur
901 1325 1032 1412 sanguis
1067 1329 1178 1388 noster
1201 1327 1241 1390 de
1264 1325 1415 1390 manibus

201 1403 327 1514 pppeffis
371 1437 386 1460 “
408 1427 532 1504 vestris,
566 1429 691 1492 nonin
713 1429 840 1500 occulto
854 1427 920 1492 sed
943 1429 1052 1514 palam
1075 1428 1297 1512 relinquemus
1320 1427 1413 1492 habi-

201 1535 290 1596 oishop
302 1533 357 1582 that
371 1539 387 1564 “
408 1535 462 1594 tus
478 1535 605 1594 nostros
629 1527 671 1594 ad
694 1525 790 1616 pedes
806 1541 939 1608 vestros,
955 1535 995 1594 ut
1018 1535 1095 1594 ante
1110 1523 1258 1594 tribunal
1282 1529 1417 1596 Domini

203 1601 330 1714 plptperssserhees
371 1641 386 1666 “
408 1633 615 1724 nostriJesu
641 1627 765 1698 Christi
799 1633 943 1699 reddatis
971 1635 1130 1698 rationem
1165 1657 1223 1720 pro
1247 1635 1417 1698 animabus

204 1731 349 1848 ffiprthe
372 1743 387 1766 “
410 1733 552 1814 nostris;
575 1733 725 1820 quamvis
750 1721 858 1800 coram
881 1735 1012 1800 domino
1043 1757 1130 1822 papa
1153 1733 1224 1798 sitis
1247 1735 1419 1800 inexcusa-

204 1835 386 1914 montiva11“
408 1835 490 1904 biles
524 1839 588 1904 nisi
620 1837 811 1926 corrigenda
838 1839 926 1926 apud
956 1853 1015 1904 nos
1039 1833 1252 1916 correxeritis,
1276 1837 1362 1902 sicut
1383 1835 1420 1902 in

204 1945 357 2048 {ffigssp
371 1949 387 1974 “
410 1937 588 2028 privilegiis
615 1943 733 2006 nostris
768 1943 963 2018 continetur,
994 1941 1038 2004 ad
1076 1961 1172 2026 quem
1210 1955 1269 2006 nos
1308 1945 1422 2006 contra

372 2051 387 2078 ‘¹
411 2065 468 2108 vos
504 2049 536 2108 et
569 2045 722 2108 abbatem
755 2048 905 2108 nostrum
941 2043 1186 2130 appellavimus,
1209 2043 1274 2108 nisi
1298 2045 1340 2108 ad
1361 2061 1421 2108 nos

373 2155 389 2180 “
411 2149 576 2226 veneritis,
599 2153 632 2214 et
655 2147 700 2212 sic
723 2147 872 2234 poteritis
894 2147 1044 2212 amittere
1067 2137 1178 2212 curam
1202 2167 1300 2234 quam
1322 2147 1421 2210 habe-

374 2261 389 2286 “
412 2249 456 2316 tis
473 2253 518 2316 de
548 2249 669 2316 nohis.”
731 2251 776 2316 Et
808 2271 909 2334 quum
944 2249 1088 2316 audisset
1120 2249 1209 2314 hunc
1242 2273 1422 2316 sermonem

374 2357 483 2416 motus
507 2357 556 2418 est
590 2351 856 2440 archiepiscopus.
917 2353 1024 2416 Immo
1057 2357 1091 2416 et
1125 2351 1277 2438 magistri
1300 2351 1364 2416 mei
1386 2351 1423 2414 in

375 2453 501 2534 scholis,
530 2455 640 2520 clerici
679 2453 922 2540 archiepiscopi,
962 2453 1118 2518 videlicet
1148 2453 1179 2518 J.
1204 2455 1243 2518 de
1267 2453 1423 2518 Tinemue

377 2561 410 2622 et
434 2557 466 2624 S.
489 2559 528 2622 de
553 2555 686 2622 Suuelle
710 2561 743 2620 et
767 2555 945 2634 Honorius,
981 2557 1257 2636 exclamaverunt,
1280 2555 1425 2620 dicentes

274 2679 276 2682 ·
377 2659 454 2744 quia
476 2663 563 2724 recte
586 2659 715 2724 locutus
751 2681 833 2748 sum,
857 2663 1101 2724 murmurantes
1132 2663 1246 2722 contra
1269 2657 1425 2744 archiepi-

377 2777 509 2848 scopum
542 2768 674 2848 propter
697 2761 835 2828 verbum
859 2763 946 2846 quod
968 2759 1101 2844 subjeci,
1126 2769 1141 2794 “
1159 2759 1300 2824 Domine
1322 2765 1425 2846 pater,

377 2865 573 2930 “consulite
604 2865 699 2930 famae
722 2870 840 2929 vestrae
865 2853 942 2946 quia
976 2863 1076 2926 abhas
1099 2867 1211 2928 noster
1234 2867 1347 2950 aperto
1371 2885 1425 2928 ore

379 2977 394 3002 ‘²
417 2967 537 3032 clamat
560 2967 705 3058 quotidie
728 2987 760 3032 se
783 2987 851 3030 non
872 2965 988 3030 timere
1013 2967 1170 3050 quamdiu
1194 2989 1252 3032 vos
1275 2971 1309 3030 ot
1327 2967 1428 3050 justi-

323 3063 326 3068 ”
350 3053 355 3064 ’
380 3079 395 3104 “
419 3071 535 3134 ciarius
559 3069 718 3148 vixeritis,
746 3069 930 3154 exprimens
962 3089 1101 3146 causam,
1128 3091 1186 3134 vos
1219 3067 1428 3146 diffamando,
1454 3055 1455 3058 Ἴ

380 3181 396 3206 “
417 3171 507 3260 Ι(Ῑιῑοά
528 3169 682 3236 videlicet
707 3171 800 3236 vobis
833 3173 967 3236 tantum
998 3171 1148 3236 servierit
1178 3171 1266 3258 quod
1298 3191 1428 3236 securus

367 3283 396 3364 ἶ(
419 3275 463 3338 sit
486 3275 525 3338 de
548 3271 671 3338 vobis.'’
716 3273 762 3350 Et
784 3275 1050 3360 archiepiscopus,
1076 3275 1159 3338 “Ut
1182 3269 1264 3338 sciat
1287 3275 1429 3338 mundus

383 3385 399 3410 “
422 3377 498 3462 quia
519 3399 636 3440 manus
668 3393 749 3440 meae
781 3377 914 3442 mundae
948 3383 1028 3442 sunt
1060 3377 1098 3440 in
1130 3377 1191 3440 hac
1223 3382 1326 3462 parte,
1361 3399 1428 3442 non

382 3487 397 3512 “
421 3479 482 3542 erit
504 3479 564 3542 hoc
593 3479 802 3564 proverbium
824 3479 941 3542 amodo
972 3479 1009 3542 in
1037 3477 1145 3542 Israel.
1205 3477 1266 3542 Per
1296 3479 1430 3542 beatum
1499 3529 1500 3534 1

383 3587 398 3614 “
422 3575 595 3644 Julianum
618 3603 677 3646 nos
698 3581 877 3658 veniemus,
893 3585 927 3646 et
950 3581 999 3646 ita
1022 3579 1212 3668 corrigenda
1235 3581 1431 3668 corrigemus

310 3683 311 3686 ’
384 3691 400 3716 “
423 3683 510 3766 quod
533 3683 674 3748 secundo
699 3699 780 3770 opus
803 3699 870 3746 non
893 3681 984 3748 erit.’⁷
1031 3683 1076 3748 Et
1099 3683 1187 3748 facto
1204 3681 1329 3749 dictum
1346 3705 1430 3748 corn-

384 3789 559 3870 pensasset,
582 3785 648 3850 nisi
671 3787 775 3850 morte
799 3792 1044 3872 praeoccupatus
1066 3781 1208 3850 fuisset.1

388 4029 540 4114 Qualiter
559 4023 701 4098 Thomas
722 4031 908 4098 monachas
932 4037 1049 4118 captas
1067 4029 1182 4118 faerit
1205 4029 1245 4098 ab
1269 4027 1382 4098 abbate
1404 4033 1434 4098 et

477 4133 636 4228 liberatas
656 4157 718 4220 per
741 4133 1032 4220 archiepiscopam
1055 4141 1085 4200 et
1111 4133 1244 4200 ciericos
1268 4133 1344 4220 ejas.

433 4287 604 4374 Igiturde
638 4287 769 4354 consflio
797 4287 1032 4374 archiepiscopi
1063 4283 1202 4352 secessi2
1232 4285 1434 4372 Wigorniam

388 4394 427 4454 ut
450 4389 681 4476 possessionem
704 4393 848 4454 nostram
870 4387 910 4452 de
934 4393 1058 4454 essarto
1090 4391 1203 4452 contra
1225 4389 1377 4452 abbatem
1401 4393 1435 4452 et

389 4491 598 4556 senescallum
623 4491 834 4568 defenderem,
853 4491 909 4574 qui
931 4489 1009 4556 ffluc
1034 4496 1253 4556 convenerant
1276 4491 1311 4554 in
1334 4505 1434 4554 mana

423 4651 430 4678 ¹
448 4649 497 4700 His
520 4651 601 4712 death,
623 4651 747 4712 however,
770 4649 813 4698 did
836 4655 881 4700 not
901 4651 998 4712 hoppen
1028 4649 1094 4700 until
1115 4655 1166 4700 tvo
1175 4679 1180 4722 ⁸.
1188 4665 1260 4712 years
1287 4649 1437 4712 afterwards,

394 4733 423 4776 13
435 4727 506 4790 July,
519 4733 591 4778 1205.
1176 4729 1177 4732 ’

403 4849 404 4852 ,
424 4805 549 4870 aeetae]
563 4805 662 4866 accessi,
672 4805 729 4856 MS.
