3300 5666
457 793 657 842 onneurcou
680 787 837 842 acuamur
862 789 907 842 nn
931 793 1098 850 nussum.
1173 865 1174 868 Ἴ
1256 783 1293 846 61

279 1157 281 1160 -
387 1109 435 1172 Dc
452 1107 550 1172 cereis
566 1107 640 1174 sine
657 1109 831 1198 o0ctjatorc'o
848 1109 999 1174 leontinis
1015 1109 1170 1182 accensis.

305 1259 381 1322 Alio
407 1265 553 1346 tempore
585 1261 663 1324 dum
696 1261 840 1346 reliquiae
864 1259 968 1324 sancti
991 1259 1141 1346 Eogwini
1166 1283 1186 1322 a
1208 1249 1455 1366 mon-107⁴}2113p]86

261 1361 379 1426 asterio
402 1361 504 1426 saneti
537 1361 700 1426 Pancratii
736 1361 949 1438 deferrentur,
981 1361 1182 1448 processione
1217 1383 1297 1448 prae-
1311 1365 1419 1432 uarious
1458 1353 1464 1366 ’

260 1463 393 1530 cedente
431 1487 504 1528 cum
539 1487 629 1530 cruce
661 1471 695 1530 et
726 1463 917 1530 ardentibus
955 1463 1063 1544 cereis,
1099 1467 1233 1550 repente
1263 1463 1298 1526 vi
1310 1449 1432 1540 miracles,

261 1571 433 1632 ventorum
464 1567 543 1632 cerei
581 1565 735 1632 exstincti
758 1571 842 1630 sunt.
897 1565 962 1630 Sed
990 1565 1090 1650 quum
1118 1587 1183 1628 uno
1206 1587 1297 1650 paene
1374 1595 1375 1598 ¹

261 1669 400 1734 miliario
434 1669 668 1758 processissent,
703 1691 813 1732 rursus
849 1667 933 1732 cerei
973 1665 1131 1732 divinitus
1166 1667 1297 1744 accensi,

260 1771 419 1850 ardentes,
442 1773 576 1836 cunetis¹
590 1769 792 1848 mirantibus,
819 1769 979 1834 visuntur.

318 2107 367 2174 Dc
386 2105 540 2172 aaran
554 2105 651 2192 eujus
672 2105 795 2192 tofane
823 2129 861 2174 en
885 2111 981 2172 utero
1006 2111 1108 2192 rupto
1126 2105 1245 2192 fuerat

697 2215 871 2276 estractus.
895 2229 896 2232 ’

306 2373 468 2438 Praeterea
520 2371 616 2438 multi
662 2363 864 2440 diversarum
912 2371 1148 2438 infirmitatum
1190 2373 1303 2438 morbo

264 2473 397 2552 detenti,
421 2495 521 2558 quum
544 2475 585 2538 de
607 2497 690 2560 aqua
713 2475 884 2540 benedicta
906 2475 992 2538 unde
1009 2473 1182 2540 brachium
1197 2475 1302 2544 sancti

264 2575 413 2662 Enguini
461 2577 564 2666 lotum
602 2575 708 2642 iuerat
749 2577 942 2652 hausissent,
980 2579 1115 2642 celerem
1152 2577 1303 2640 sanitatis

264 2681 414 2744 effectum
436 2679 597 2744 maturius
626 2699 801 2764 percepere.
849 2679 1008 2758 Quadam
1035 2677 1157 2742 etenim
1187 2679 1304 2744 mulier
1338 2689 1340 2694 '

263 2781 356 2866 cujus
393 2779 501 2852 infans
539 2779 625 2844 infra
664 2785 813 2846 matema
842 2781 986 2846 viscera¹
1017 2779 1117 2844 morti
1155 2781 1305 2846 addictus

263 2885 378 2960 fuerat,
408 2903 475 2960 nec,
506 2883 592 2948 sicut
625 2881 794 2968 plerisque,
826 2881 995 2948 abortivus
1025 2881 1158 2960 exierat,
1189 2903 1302 2948 verum

263 2985 299 3050 in
329 2987 477 3050 materno
506 2991 601 3050 utero
632 2989 883 3070 computruerat,
916 2985 995 3050 dum
1013 3059 1016 3062 ,
1032 2986 1072 3050 de
1101 3007 1187 3070 aqua
1217 2987 1303 3050 unde

263 3087 367 3152 sancti
398 3087 546 3172 Ecgwini
576 3087 744 3152 brachium
775 3093 845 3152 erat
877 3089 981 3152 lotum
1006 3107 1077 3150 cum
1100 3109 1157 3172 spe
1189 3089 1304 3152 salutis

263 3189 458 3274 smnpsisset,
494 3189 606 3254 statim
637 3189 672 3252 in
703 3191 852 3274 sequenti
889 3195 986 3254 nocte
1023 3189 1193 3276 vigilando
1231 3211 1303 3254 cum

263 3293 408 3378 cognatis
423 3295 456 3356 et
472 3293 583 3356 amicis
602 3295 679 3356 ante
695 3291 850 3356 feretrum
866 3293 980 3368 sancti,
998 3289 1130 3376 dirupta
1145 3297 1195 3356 est
1211 3293 1304 3356 alvus

262 3391 360 3474 illius,
386 3393 602 3478 venienteque
632 3393 795 3458 aurifabro
827 3415 899 3458 cum
926 3393 1046 3478 forcipe
1079 3397 1113 3456 et
1137 3391 1304 3458 infantilia

263 3515 333 3560 ossa
366 3495 437 3580 jam
474 3493 541 3560 fere
571 3495 677 3560 medio
715 3487 800 3560 anno
839 3495 1059 3582 putrescentia
1097 3517 1118 3558 a
1147 3497 1303 3560 maternis

262 3597 439 3662 visceribus
455 3597 656 3672 extrahente,
674 3617 747 3680 quae
770 3597 861 3682 prius
879 3597 954 3684 jugi
971 3597 1080 3662 dolore
1103 3601 1136 3662 et
1160 3597 1302 3662 maximo

262 3701 375 3766 faetore
401 3699 616 3784 torquebatur
638 3701 845 3784 postmodum
869 3701 1005 3766 sanitati
1027 3697 1157 3766 reddita
1179 3705 1236 3766 est,

509 4045 572 4108 'Dc
596 4043 705 4112 altero
735 4043 881 4110 muliere
905 4051 1035 4112 sonato.

306 4197 422 4262 Altera
443 4197 522 4262 item
545 4197 662 4264 mulier
682 4197 774 4284 cujus
796 4199 965 4264 brachium
997 4199 1175 4264 miserrime
1196 4199 1302 4262 fuerat

262 4305 471 4380 contractum,
518 4321 576 4386 per
624 4301 756 4366 beatum
800 4301 992 4388 Eogwinum
1040 4323 1146 4368 coram
1189 4301 1283 4364 mult'

262 4407 378 4468 sanata
400 4405 456 4466 est.

592 4699 717 4766 'obeam
730 4699 822 4762 vicera,
833 4701 889 4752 MS.
937 4683 949 4722 s
