3300 5666
452 809 651 864 CHRONIOON
673 811 830 864 ABBATIAE
853 815 899 862 DE
921 815 1089 864 nvnsHAM.
1169 861 1170 864 ,
1248 807 1291 878 67

251 1003 393 1068 mirabili
430 1003 516 1068 facto
553 1025 619 1066 non
656 1001 805 1068 laudavit
842 1001 1050 1068 Dominum?
1128 1003 1287 1068 Omnibus
1325 1027 1435 1080 01111,

250 1105 371 1172 etenim
405 1111 453 1172 001
492 1105 691 1194 patefactum
728 1105 870 1172 multum
900 1107 988 1194 apud
1025 1127 1158 1190 superos
1194 1127 1287 1192 posse

248 1209 381 1302 beatum
403 1209 467 1274 D'ei
490 1209 706 1276 confessorem
729 1207 932 1294 Ecgwinum.

663 1499 724 1580 Do
743 1515 864 1582 codem.

290 1675 526 1742 Monasterium
557 1677 661 1742 sancti
690 1677 795 1764 patris
824 1677 930 1742 nostri
952 1675 1103 1760 Ecgwini
1124 1697 1218 1760 saepe,
1245 1679 1284 1738 ut

244 1781 427 1846 retulerunt
464 1777 522 1864 qui
558 1779 718 1858 viderant,
750 1777 899 1844 incendio
930 1781 1160 1862 consumptum
1190 1777 1282 1854 foret,

244 1883 307 1946 nisi
329 1879 390 1944 hoc
404 1879 510 1946 virtus
524 1879 626 1946 sancti
644 1879 807 1966 pontificis
821 1879 875 1964 pia
890 1879 1074 1944 defensione
1091 1883 1283 1964 protegeret.

243 1985 363 2048 Allatis
386 2003 527 2066 namque
551 1983 594 2046 ad
609 1983 716 2048 locum
738 1981 880 2062 incendii
910 1979 1017 2046 sancti
1037 1979 1102 2046 viri
1128 1979 1283 2066 reliquiis,
1349 1975 1353 1978 „

243 2087 429 2170 plerumque
453 2085 504 2148 vis
533 2089 707 2150 ventorum
728 2085 882 2150 aliorsum
911 2085 1170 2170 retorquebatur,
1201 2105 1283 2150 101-

241 2209 410 2270 mmquam
432 2207 515 2252 vero.
530 2187 636 2274 ipsum
661 2187 848 2252 incendium
879 2185 1133 2274 consopiebatur.
1193 2185 1283 2252 Nam
1381 2221 1382 2224 ¹

241 2311 341 2372 quum
372 2291 513 2374 quodam
551 2293 696 2376 tempore
733 2289 876 2352 maximo
914 2309 1014 2374 prope
1045 2289 1281 2354 monasterium
1391 2333 1392 2336 κ

240 2393 400 2480 flagrante
422 2393 579 2470 incendic,
605 2391 712 2456 sancti
737 2391 887 2478 Ecgwini
902 2391 1061 2456 scrinium
1082 2415 1141 2480 per
1163 2415 1282 2478 angus-

239 2495 403 2558 tissimum
419 2495 586 2560 tramitem
611 2495 697 2558 inter
714 2495 802 2558 duas
825 2495 937 2560 domos
959 2517 980 2558 a
1001 2495 1160 2560 fratribus
1176 2495 1280 2562 defer-

238 2599 338 2674 retur,
369 2597 522 2660 continuo
545 2601 584 2660 ut
614 2597 650 2660 in
680 2597 714 2660 id
751 2597 895 2660 locorum
926 2603 975 2660 est
1006 2601 1152 2672 ventum,
1185 2619 1280 2660 omne

238 2697 360 2784 pariter
382 2697 569 2764 incendium
591 2697 731 2762 cessavit
752 2691 966 2784 consopitum.
1033 2697 1103 2764 Nec
1118 2699 1192 2784 plus
1208 2705 1280 2764 erat
1334 2695 1336 2698 ’

237 2801 336 2884 spatii
351 2801 439 2886 quod
454 2805 586 2864 sanctus
601 2801 709 2864 fuerat
725 2799 855 2864 delatus
871 2821 969 2886 quam
992 2799 1164 2884 longitudo
1187 2801 1280 2884 pedis

236 2903 344 2968 unius.
391 2903 561 2966 Remansit
584 2923 659 2986 ergo
689 2923 758 2964 una
779 2899 895 2966 domus
917 2901 958 2964 ab
980 2901 1057 2986 igne
1079 2901 1190 2980 illaesa,
1214 2901 1280 2966 alia

235 3025 312 3068 vero
327 3003 426 3090 periit
441 3007 641 3088 consumpta.
689 3001 779 3066 Hinc
794 3001 906 3088 itaque
926 3023 1076 3090 rogemus
1097 3001 1278 3068 Dominum

234 3105 408 3186 virtutum,
434 3113 473 3170 ut
495 3129 553 3192 per
582 3111 716 3170 tantum
746 3111 921 3190 patronum
952 3105 1146 3190 Ecgwinum
1169 3105 1299 3170 solvat

234 3209 367 3290 vincula
380 3213 585 3296 peccatorum
601 3211 796 3286 nostrorum,
809 3211 843 3272 01
853 3213 968 3294 pascat
982 3229 1042 3272 nos
1057 3209 1165 3292 gratia
1179 3207 1277 3272 bene·

234 3309 381 3376 ficiorum
395 3299 536 3388 cuorum,
552 3313 587 3374 et
609 3315 780 3376 convertat
803 3315 862 3374 aut
885 3311 1016 3374 excidat
1031 3311 1141 3394 capita
1163 3311 1277 3374 adver·

233 3413 400 3490 sariorum,
416 3417 450 3476 et
472 3413 509 3474 in
533 3411 587 3476 die
609 3413 688 3476 belli
710 3417 743 3476 et
770 3413 807 3476 in
833 3407 937 3476 ruina
960 3413 1076 3474 mundi
1102 3411 1275 3476 obumbret

233 3537 292 3580 nos
308 3521 399 3580 scuto
414 3515 510 3580 bonae
524 3515 707 3580 voluntatis
729 3521 765 3580 01
785 3515 972 3578 velamento
989 3513 1116 3578 alarum
1132 3535 1273 3592 suarum,
1384 3509 1385 3512 ’

233 3623 266 3682 01
292 3617 409 3682 liberet
431 3617 473 3680 ab
495 3617 570 3702 igne
593 3617 816 3682 vastationum
839 3621 873 3680 ct
902 3637 923 3680 a
953 3617 1086 3680 flamma
1116 3615 1274 3680 vitiorum

232 3729 265 3788 et
287 3745 306 3786 a
329 3723 492 3808 suppliciis
507 3727 703 3788 aeternorum
718 3721 951 3800 incendiorum,
968 3721 1191 3810 perducatque
1213 3743 1272 3788 nos

231 3825 273 3888 ad
302 3825 401 3908 hujus
430 3827 534 3910 patris
567 3827 672 3892 nostri
709 3823 918 3904 consortium,
949 3847 1023 3888 cum
1061 3845 1125 3910 quo
1157 3825 1271 3910 Ipsum

230 3929 393 3988 auctorem
431 3925 578 3988 omnium
620 3925 789 3990 laudemus
825 3925 861 3988 in
904 3925 1023 3988 0100110
1069 3925 1268 3992 saeoulorum.

230 4025 344 4092 Amen.
