3308 5666
446 821 645 874 onaoureon
668 821 828 874 ananum
852 825 898 872 nn
921 825 1092 874 nvnsnnu.
1250 817 1292 888 73

246 999 329 1070 Haec
358 1005 469 1068 autem
499 1001 564 1068 fuit
602 1025 699 1070 causa
736 1005 1002 1076 commutationis
1028 1007 1292 1090 supradictarum
1312 1021 1379 1072 An.
1393 1025 1448 1076 71s.

245 1107 400 1172 villarum
423 1107 462 1170 de
490 1105 675 1184 Fladeburi,
708 1105 883 1174 Stradford
910 1113 944 1172 et
968 1105 1110 1172 Tuiford.
1164 1109 1290 1174 AEthel.
1304 1087 1446 1148 AEthelard·

245 1209 344 1274 ardus
359 1207 555 1274 Wictiorum
578 1209 780 1294 subregulus,
804 1215 962 1298 cognatus
987 1209 1145 1276 Ostritbae
1167 1153 1431 1296 reginaeiiffidbbry

245 1317 279 1378 et
304 1311 391 1396 regis
417 1307 506 1390 Offae,
539 1331 577 1376 ea
599 1315 728 1376 mortua
760 1311 829 1376 sine
859 1313 978 1392 liberis,
1011 1313 1088 1398 quia
1112 1313 1290 1378 Obelredus
1304 1283 1454 1412 ffiffiytssh

175 1411 177 1418 ’
245 1435 312 1478 non
335 1419 406 1478 erat
435 1411 526 1478 filius
545 1411 626 1496 ejus,
650 1419 684 1478 et
708 1435 784 1500 rege
811 1415 987 1480 Ethelredo
1012 1415 1097 1480 facto
1121 1415 1287 1494 monacho,

245 1517 355 1582 dicens
381 1537 491 1602 regern
515 1535 582 1578 non
604 1535 699 1602 posse
719 1515 949 1584 haereditatenn
973 1517 1086 1580 uxoris
1102 1541 1168 1590 suae
1191 1517 1287 1580 alicui
1322 1531 1324 1538 ⁴

243 1617 396 1698 conferre,
435 1615 607 1704 occupavit
645 1617 827 1698 Stredford‚
869 1619 947 1706 quia
978 1619 1026 1682 ibi
1059 1619 1176 1694 fortior
1207 1623 1287 1696 erat,

242 1721 345 1786 donec
368 1721 484 1786 beatus
507 1719 683 1804 Enguinus
697 1721 847 1786 redderet
863 1723 892 1786 ei
917 1721 1095 1784 Findeburi
1118 1721 1196 1808 quia
1218 1723 1289 1784 erat

243 1821 347 1888 haeres
383 1823 507 1910 regium
545 1821 710 1886 Ostritbae.
770 1823 843 1902 Quo
875 1823 1030 1894 defuncto
1063 1823 1132 1888 sine
1170 1819 1287 1898 liberis,

244 1923 421 1990 Oswardus
451 1925 553 1990 frater
584 1923 653 2006 ejus
676 1925 847 2010 occupavit
870 1925 993 2010 injuste
1014 1923 1136 2012 viginti
1158 1943 1288 1988 mansas
1301 1925 1405 2000 ossam

242 2027 280 2090 in
317 2027 462 2106 Tuiford,
501 2031 539 2090 ut
578 2025 680 2090 baeres
719 2025 801 2092 Offae
833 2013 919 2114 regis
950 2027 988 2094 de
1022 2027 1120 2092 terris
1152 2025 1221 2110 ejus
1253 2027 1288 2088 in
1301 1991 1426 2108 {ffird

242 2151 342 2216 regno
374 2129 580 2206 Merciorurn,
620 2129 720 2192 donee
758 2130 874 2193 beatus
912 2129 1105 2216 Enguuinus
1142 2127 1287 2192 reddidit
1301 2123 1429 2240 ἓξέῑθὶῑῐῡ

243 2235 273 2298 ei
290 2233 467 2312 Stredford,
492 2231 611 2314 dicens,
635 2235 771 2298 fratrem
793 2255 889 2298 suum
912 2231 1003 2296 illam
1022 2231 1113 2316 juste
1136 2231 1303 2310 tenuisse„
1344 2205 1366 2242 a.

243 2341 276 2402 ct
300 2335 421 2420 injuste
448 2357 507 2422 pro
531 2337 663 2422 propria
678 2335 880 2412 baereditate
895 2335 936 2400 de
959 2335 1137 2410 Dadeburi
1160 2335 1191 2400 ei
1214 2357 1287 2400 con·
1370 2411 1372 2414 ¹

241 2439 364 2504 tulisse.
432 2437 498 2504 Sed
533 2437 674 2524 episcopi
706 2437 894 2524 Wigorniee,
927 2437 1078 2504 fortiores
1110 2427 1212 2516 nobis,
1249 2443 1288 2504 ut

241 2563 300 2606 suo
328 2541 555 2628 praedecessori
587 2541 681 2604 datas
718 2547 834 2626 postea
872 2563 926 2606 eas
963 2541 1215 2626 acquisiverunt,
1254 2547 1288 2608 et
1382 2579 1383 2582 ¹

239 2643 374 2708 ecelesia
393 2649 507 2708 nostra
530 2643 583 2708 cui
605 2643 693 2708 datae
716 2649 810 2708 erant
833 2643 899 2708 illis
921 2643 1043 2728 injuste
1067 2651 1161 2710 caret.
1208 2643 1287 2708 Post
1325 2635 1337 2698 ss

242 2745 409 2810 decessum
437 2765 516 2810 vero
550 2745 640 2810 beati
671 2745 821 2830 Enguini
860 2769 938 2832 quas
965 2747 1180 2834 possessiones
1210 2747 1287 2812 huie

242 2849 381 2914 ecclesiae
404 2847 461 2912 alii
484 2849 684 2914 contulerint
708 2853 742 2912 et
766 2849 899 2916 nomina
926 2849 1175 2930 conferentium,
1190 2853 1229 2914 ut
1253 2855 1286 2914 et

242 2971 352 3014 eorum
382 2951 419 3014 in.
448 2950 652 3016 orationibus
681 2951 801 3016 nostris
840 2959 995 3038 perpetua
1029 2951 1192 3014 habeatur
1209 2975 1287 3016 ¹me-

241 3053 351 3132 moria,
382 3053 436 3120 hic
470 3053 731 3122 subnectendum
761 3056 943 3119 bonumet
975 3053 1063 3118 utile
1088 3053 1286 3142 putavimus.
1346 3105 1402 3152 m

241 3155 338 3220 Anno
361 3155 465 3242 igitur
494 3156 536 3219 ab
562 3155 788 3234 incarnatione
827 3157 961 3222 Domini
999 3155 1286 3242 septingentesimo
1298 3169 1393 3284 gppnltp
1406 3169 1435 3282 pf

1310 3247 1314 3270 ⁴
1350 3251 1363 3284 (i
1391 3251 1405 3284 a

241 3257 393 3322 vicesimo
438 3257 552 3344 primo,
602 3257 779 3342 praedictus
833 3257 1050 3322 Ethelbaldus
1089 3279 1150 3322 rex
1196 3257 1286 3324 dedit
1299 3299 1440 3350 ochroio.

242 3359 382 3424 ecclesiae
409 3359 516 3426 beatae
548 3359 663 3424 Mariae
694 3359 729 3422 in
765 3361 949 3428 Eovesharn
980 3385 1081 3428 unam
1103 3359 1287 3446 portionem

242 3485 340 3550 quain
363 3461 477 3528 accolae
516 3461 598 3526 Sele
619 3465 834 3546 nuncupant,1
860 3485 934 3528 curn
957 3469 1048 3526 statu
1071 3463 1175 3526 trium
1195 3485 1286 3526 man-

240 3565 326 3630 sium
359 3563 396 3628 in
432 3565 501 3628 ioco
534 3565 592 3628 ubi
627 3565 720 3630 salsae
758 3587 851 3650 aquae
884 3565 1057 3644 ebulliunt,
1085 3587 1157 3652 quae
1188 3567 1286 3632 debet

160 3755 162 3760 X
240 3667 375 3732 reddere
413 3667 586 3732 annuatim
625 3673 803 3734 trescentos
842 3669 1015 3754 sexaginta
1048 3669 1163 3734 mittas
1201 3669 1285 3734 salis.

241 3771 343 3836 Dedit
366 3771 467 3834 etiam
482 3771 620 3856 cupellas
638 3769 741 3834 sancti
757 3771 880 3836 Albani
896 3777 930 3836 et
953 3775 1074 3836 scnctae
1091 3771 1286 3856 Margaretae

240 3871 277 3936 in
299 3871 477 3958 Wigornia,
504 3893 580 3936 cum
606 3871 757 3958 pluribus
788 3873 939 3940 domibus
974 3873 1285 3958 circumjacentibus.

239 3977 337 4038 Anno
364 3975 406 4038 ab
437 3973 663 4038 incarnatione
696 3973 831 4040 Domini
870 3977 1160 4062 septingentesimo
1190 3973 1286 4060 quin·
1306 3963 1374 4012 Ab,
1388 3965 1442 4014 ⁷⁵⁷·

182 4061 191 4086 ⁸
240 4075 427 4164 quagesimo
470 4079 607 4162 septimo
641 4075 822 4162 Thingi'uth
861 4099 920 4142 rex
959 4079 1155 4160 Merctorum
1193 4075 1284 4140 dedit
1298 4031 1451 4160 odfiiidg.

240 4177 380 4244 ecciesiae
404 4179 510 4244 beatae
534 4179 649 4244 Mariae
670 4183 705 4242 et
730 4173 836 4244 sancti
863 4181 1018 4266 Eggwini
1038 4181 1075 4244 in
1091 4179 1283 4256 Eovesham‚
1297 4163 1374 4230 forth]
1388 4163 1451 4214 offa

240 4279 397 4358 Eumede,
424 4279 647 4360 Deissesforde,
671 4277 901 4362 Oheste'ltune,
921 4283 1128 4358 Ocrnewelie,
1145 4279 1283 4358 Saliord

237 4493 437 4504 1..-—..—--,.„
444 4499 496 4502 ,,.,...,....
503 4499 540 4504 .1..-=,.
546 4497 712 4504 .--..—1......---c..
743 4499 745 4502 .
753 4499 809 4504 w...
818 4499 834 4504 ffl-
840 4499 848 4504 μ
866 4497 1277 4504 ..,..--.------η-.-..-,-,--..-.-,.-..,.-..,......-.

272 4633 279 4662 ¹
293 4635 306 4662 “
316 4633 401 4684 Unam
411 4633 550 4698 portionem
560 4631 696 4684 mansionis
707 4633 735 4682 in
758 4633 763 4738 Ι
786 4641 829 4682 ton
840 4633 916 4698 Vesp.
924 4633 954 4688 B.
966 4603 1038 4692 xriiv,
1050 4635 1068 4682 f.
1081 4639 1112 4682 23
1124 4633 1147 4682 b.
1180 4633 1284 4686 Printed

239 4715 253 4742 “
265 4715 328 4766 wico
335 4713 454 4780 emptorio
462 4715 528 4778 salis,
536 4731 609 4778 quern
617 4729 662 4764 nos
670 4713 734 4766 Salt-
785 4715 813 4764 in
834 4715 941 4766 Kemble
964 4715 1079 4780 (marked
1098 4731 1125 4766 as
1148 4715 1281 4780 spurious),

239 4795 254 4826 “
266 4795 331 4848 uich
343 4795 486 4848 vocamus.''
524 4795 627 4846 Chorter
638 4795 664 4844 in
677 4793 735 4848 Oct·
786 4797 836 4846 vol.
845 4811 863 4846 1.
871 4811 895 4860 p.
905 4801 954 4858 81„
965 4797 1025 4850 with
1033 4797 1074 4846 the
1086 4799 1141 4848 date
1149 4795 1179 4846 of
1188 4797 1269 4850 tro-t.
