3308 5676
476 705 675 756 onnoruoou
698 705 855 756 susurru
878 705 925 754 ou
949 703 1117 782 uuo-suoru
1252 687 1333 756 297.

277 893 347 960 fieri
358 895 440 960 duas
449 901 584 984 magnas
599 915 780 982 campanae,
792 893 933 960 Mariam
945 893 1066 960 sufficet
1076 896 1110 958 et
1121 891 1317 978 ngynum
1333 897 1467 1014 1331)-57

202 1065 203 1074 χ
276 1005 357 1082 quas
373 999 573 1066 ‘venerabilis
594 1003 688 1086 pater
709 999 966 1086 archiepiscopus
998 995 1188 1062 Nazarenus
1220 995 1319 1062 chris-
1333 1059 1341 1104 1
1347 1059 1377 1104 35
1380 1059 1395 1104 4
1404 971 1439 1086 11³

278 1105 366 1164 mato
381 1115 476 1168 sacro
498 1101 619 1168 linivit.
660 1101 853 1188 ¹acquisivit
875 1101 975 1166 etiarn
998 1121 1071 1166 curn
1094 1097 1216 1190 auxilio
1243 1119 1317 1164 oon·
1397 1091 1403 1104 '

197 1269 198 1272 ,
277 1203 621 1292 ventus'privilegium
636 1203 754 1290 papale
767 1203 855 1290 quod
869 1203 971 1268 abbas
995 1203 1033 1268 de
1056 1221 1142 1268 novo
1166 1201 1317 1266 canonice
1415 1201 1419 1216 '

278 1305 397 1370 electus
419 1307 462 1372 sit
485 1327 522 1370 eo
544 1305 616 1392 ipso
647 1305 866 1384 confirmatus,
902 1311 935 1370 et
967 1305 1054 1390 quod
1085 1301 1188 1390 possit
1214 1303 1318 1390 beno-

257 1407 341 1490 dici
363 1407 400 1470 in
413 1407 544 1494 ‚Anglia
566 1429 587 1470 a
609 1407 814 1494 quocumque
846 1407 995 1492 episcopo
1028 1405 1207 1486 catholioo;
1229 1405 1316 1490 quod

276 1531 378 1594 quum
400 1509 561 1576 acciderit
575 1509 667 1574 valet
691 1509 961 1594 'quadringentas
994 1507 1094 1598 libras
1126 1507 1168 1572 ad
1199 1509 1317 1572 minus

278 1611 345 1676 Iste
376 1611 528 1676 similiter
554 1611 656 1676 abbas
678 1609 772 1676 dedit
791 1615 830 1676 et
852 1607 1036 1696 assignavit
1052 1609 1155 1674 officio
1177 1610 1319 1676 bursarii

234 1749 237 1754 ·
276 1717 456 1778 conventus
471 1717 595 1800 septem
611 1713 711 1778 libras
725 1711 879 1782 undecim
893 1711 1014 1778 solidos
1037 1717 1073 1778 et
1087 1715 1153 1776 tres
1169 1701 1319 1778 denarios

276 1815 317 1880 de
338 1815 433 1880 terris
455 1819 491 1880 et
511 1815 708 1880 tenementis
730 1837 788 1902 per
809 1813 918 1900 ipsum
940 1813 1088 1900 superius
1101 1815 1269 1900 acquisitis
1283 1815 1320 1880 in

276 1907 435 1998 Nortone,
470 1917 640 2008 Newbolt,
659 1917 838 2004 Baddesey,
857 1913 1077 2004 Honyborne,
1100 1922 1134 1983 et
1156 1917 1319 2004 Kynwar·

276 2027 353 2086 tone
377 2025 542 2100 exeuntes,
566 2025 601 2102 et
618 2019 867 2106 quinquaginta
888 2019 1009 2090 solidos
1031 2041 1090 2106 pro
1120 2019 1320 2086 salmonibus

275 2123 316 2188 de
338 2123 577 2200 Penwortham‚
596 2126 640 2192 ,ut
662 2111 748 2186 idern
771 2121 936 2188 bursarius
950 2121 1067 2188 reddat
1090 2127 1123 2188 et
1144 2121 1320 2188 distribuat

275 2225 518 2312 particulariter
540 2223 719 2310 unicuique
742 2225 911 2316 monacho
934 2223 972 2288 in
995 2247 1092 2290 cursu
1115 2223 1318 2314 minutorum

275 2327 404 2394 minuto
427 2331 530 2392 certos
561 2327 711 2396 denarios
734 2327 774 2392 de
797 2319 887 2394 diota
919 2349 1047 2392 summa
1077 2327 1317 2412 provenientes,

275 2435 372 2518 prout
394 2429 430 2494 in
452 2429 595 2514 quodam
617 2433 797 2496 memorato
827 2429 915 2494 illius
946 2427 1161 2494 ordinacionis
1191 2423 1326 2514 expres?

204 2525 340 2598 ,ssius
374 2529 567 2610 continetur,
601 2531 659 2614 ad
674 2533 856 2598 uberiorem
891 2529 1152 2616 procurationem
1166 2531 1318 2618 ¹proedic-

275 2639 384 2700 torum
433 2631 642 2698 minutorum.
718 2619 825 2696 Priori
877 2655 954 2696 vero
996 2631 1133 2718 duplum
1176 2633 1212 2698 in
1258 2657 1318 2704 sua

275 2721 457 2802 minutione
495 2735 542 2818 de
572 2733 663 2798 diota
707 2729 837 2816 summa
885 2733 1073 2800 distribuat
1140 2733 1227 2800 Item
1273 2735 1317 2800 ad
1411 2779 1421 2804 ,-

276 2837 548 2904 sustentationem
582 2835 733 2904 sanitatis
767 2853 920 2900 sanorum
942 2840 977 2901 et
998 2835 1186 2900 relevamen
1215 2837 1317 2904 imbe-

228 3007 229 3012 ,
275 2939 422 3006 oillitatis
451 2939 665 3030 infirmorum
693 2937 773 3002 duos
797 2937 872 3022 dies
908 2931 1116 3004 recreatioriis
1152 2939 1320 3024 praedictis

311 3177 318 3206 ¹
335 3175 399 3224 This
412 3175 468 3224 date
480 3173 523 3238 (of
537 3173 579 3224 the
599 3173 771 3224 consecration
825 3177 841 3202 “
858 3189 931 3236 super
942 3189 1089 3236 componam
1096 3171 1124 3222 in
1133 3173 1227 3224 honore
1238 3175 1317 3226 sancti

276 3257 308 3306 of
324 3255 366 3306 the
389 3255 465 3318 bello)
487 3253 511 3304 is
530 3253 684 3304 acuciaco
705 3255 771 3300 from
826 3255 841 3282 ‘⁴
854 3249 1149 3314 'Eguiniconsccratam
1161 3255 1230 3304 al).
1246 3259 1317 3304 1354.
1421 3305 1422 3308 ,

281 3335 323 3384 the
340 3333 471 3396 following
489 3339 547 3382 note
563 3331 591 3380 in
603 3325 694 3382 Cotton
712 3331 768 3382 ΜΒ.
824 3333 840 3360 “
851 3333 865 3394 ἰ
877 3331 1010 3392 Dompnus
1020 3329 1176 3380 Willielmus
1187 3333 1265 3396 Boys,
1276 3333 1318 3382 ab·

275 3415 353 3472 Nero,
361 3413 394 3462 D.
404 3411 441 3462 iii.
453 3411 471 3460 f.
481 3411 593 3462 24u=—“
601 3409 668 3458 Noto
675 3411 706 3458 ‹le
715 3425 771 3460 ver·
824 3413 840 3438 “
857 3411 928 3468 ‘boa
951 3423 991 3458 me
1013 3407 1068 3458 fieri
1092 3409 1152 3460 fecit
1173 3411 1212 3460 in'
1224 3411 1317 3462 honore

275 3499 291 3524 “
308 3493 375 3550 sibus
394 3507 467 3554 super
485 3503 624 3552 campanas,
644 3495 669 3538 et
687 3489 769 3550 primo
824 3493 839 3516 “
857 3489 956 3552 ‘sancti
966 3487 1086 3554 ngyni.

341 3591 357 3616 “
368 3589 382 3620 =‘
395 3585 417 3636 Ο
437 3593 507 3648 poter
526 3585 648 3648 ngyne,
660 3581 705 3632 tibi
723 3597 833 3632 consono
848 3591 922 3634 nocte
935 3575 1050 3648 diequcl'
1145 3581 1215 3634 Will.

291 3679 302 3692 ⁸
342 3669 357 3694 “
374 3663 436 3714 ‘Me
451 3661 551 3726 fugiant
568 3659 643 3726 digne
663 3661 770 3710 tonitrus
785 3661 851 3710 male
872 3661 975 3726 fulgura
992 3591 1123 3726 quaqua]
1146 3661 1216 3726 Boys

425 3801 426 3806 ¹
942 3795 943 3798 Ἴ
988 3741 1107 3804 Eguyn.
1153 3757 1200 3790 nos
1234 3783 1238 3794 ,

343 3825 358 3852 “
375 3803 437 3872 ‘Mo
454 3827 563 3882 sonante,
575 3819 829 3882 pissuccurrerirgo
845 3819 941 3868 Maria!
1020 3841 1021 3844 ¹
1146 3819 1200 3870 ficri

343 3907 359 3932 ‘⁶
376 3899 513 3952 ‘Ecclesia
529 3899 597 3962 genti
608 3897 737 3950 discedant
752 3887 939 3962 fulguraveuti.
998 3937 1000 3942 ,
1105 3825 1214 3954 ]fccit.

341 4023 349 4032 .,
758 4003 759 4006 “
1038 3975 1128 4026 Maria

343 4065 358 4090 “
375 4059 507 4110 ‘Christus
517 4049 728 4120 vineis'chn'uo·
740 4039 836 4122 regnor,
854 4057 968 4108 Christus
978 4057 1092 4120 imperat.
1150 4055 1248 4110 Jcsus‘l

344 4143 359 4170 “
377 4139 466 4188 ‘Aret
478 4137 584 4202 gloriosa
595 4125 725 4202 virginum
739 4137 853 4276 regina]

341 4221 357 4248 “
368 4223 375 4248 ⁴
392 4217 460 4268 Vitis
470 4233 595 4280 generosa,
602 4215 662 4266 vitae
670 4215 801 4266 medicina.

760 4299 761 4302 ¹
1034 4281 1172 4332 Gloriosa*

342 4369 358 4394 ‘⁶
376 4365 452 4414 ‘Are
465 4363 565 4414 Maria!
582 4361 664 4428 gratia
682 4361 764 4426 pleno,
781 4361 906 4412 Dominus
917 4367 1006 4412 tecum.
1035 4403 1040 4414 ‚
1172 4363 1264 4416 Gratia

1154 4455 1170 4480 “
1187 4455 1266 4518 Super

1145 4547 1291 4598 campanam

341 4491 357 4516 “
374 4487 511 4536 ‘Convoco
522 4479 656 4548 pransores
673 4483 706 4530 ad
716 4497 828 4530 mensam
839 4489 863 4532 ct
881 4481 1010 4532 bibituros.
1094 4489 1114 4620 ]

344 4565 517 4630 “‘Prospera
529 4565 670 4622 succedant,
682 4563 950 4622 mala,mercsonante
961 4561 1093 4612 recedant)
1267 4617 1272 4626 Ι

1035 4671 1037 4674 ,
1130 4609 1161 4658 ad
1171 4613 1315 4668 lavatorra”

709 4731 723 4760 *
734 4729 783 4780 See
791 4735 882 4794 pluo.
