3300 5666
449 823 649 878 canonicor
671 821 900 872 anarrinon
923 825 1092 874 EVESHAM.
1167 865 1168 868 ,
1251 809 1290 884 71

231 1009 371 1094 »pariter
397 1005 509 1086 rediit,
549 1007 648 1092 atque
685 1007 720 1070 in
758 1007 878 1094 magna
915 1007 1191 1094 contemplatione
1219 1007 1292 1088 Dei,

230 1149 231 1152 κ
247 1111 352 1176 veluti
367 1109 403 1174 in
418 1109 491 1176 vita
513 1133 581 1176 sua¹
594 1109 782 1198 plenissime,
793 1111 941 1190 habetur,
957 1109 1116 1196 usquead
1137 1109 1293 1176 ultimum

248 1215 334 1280 diem
358 1207 518 1278 transitus
540 1213 591 1278 sui
613 1235 730 1280 novem
754 1215 848 1280 annis
872 1213 1076 1280 sanctissime
1098 1215 1215 1278 vivens
1239 1213 1292 1278 hic

236 1311 434 1404 permansit.
502 1315 617 1382 Sciant
643 1339 719 1404 ergo
742 1337 852 1382 omnes
882 1317 980 1404 hujus
1004 1321 1125 1382 sanctae
1151 1317 1293 1382 ecclesiae

247 1419 309 1484 filii
331 1425 432 1506 atque
455 1421 550 1484 amici
572 1419 713 1504 perfecte
736 1441 808 1484 eam
824 1421 998 1506 diligentes
1023 1423 1098 1484 tarn.
1115 1423 1292 1506 praesentes

246 1543 344 1606 quarn
366 1523 480 1602 futuri,
512 1521 599 1606 quod
622 1521 710 1586 locus
740 1523 803 1586 iste
825 1527 905 1586 tunc
928 1523 1084 1608 temporis
1111 1521 1197 1586 nihil
1219 1543 1290 1608 per·
1304 1523 1455 1602 neuomme

246 1625 375 1690 tinebat
405 1625 447 1690 ad
471 1623 718 1710 Wigornenseni
750 1623 915 1688 ecclesiam
946 1623 999 1688 cui
1022 1625 1092 1708 ipse
1122 1625 1290 1710 episcopus
1304 1593 1458 1724 lgggnffil'ffe

247 1733 395 1812 praerat,
419 1727 486 1808 sed,
516 1731 555 1792 ut
573 1727 708 1812 ¹praefati
738 1747 858 1804 sumus,
887 1725 999 1790 divino
1024 1727 1211 1792 admonitus
1243 1727 1386 1790 inuseeof

245 1829 378 1910 stinctu‚
413 1853 433 1894 a
463 1851 538 1916 rege
570 1829 759 1894 AEthelredc
789 1829 857 1892 filio
888 1829 1026 1894 Pendan
1064 1829 1159 1916 regis,
1192 1829 1291 1912 cujus
1304 1793 1452 1852 Worcester.

237 1931 396 1996 ‘meminit
412 1931 503 1994 Beda
517 1927 715 1996 venerabilis
736 1930 909 2014 presbyter
926 1931 963 1994 in
978 1931 1079 2016 gestis
1094 1931 1289 2018 Anglorum,
1304 1943 1370 2022 gisi.
1381 1943 1438 1996 Eoo.

239 2033 339 2098 illurn
377 2033 534 2110 obtinuit,
581 2039 614 2098 et
652 2033 870 2098 monachilem
907 2033 1194 2120 congregationem
1231 2055 1291 2120 pro
1303 2027 1338 2128 ἒξ
1352 2015 1399 2130 {ff

247 2157 355 2200 amore
392 2135 465 2214 Dei,
488 2135 586 2220 atque
617 2135 722 2200 salute
749 2135 867 2200 animae
890 2159 958 2200 suae
979 2135 1106 2222 primus
1144 2135 1290 2200 omniurn

246 2237 300 2302 hic
327 2237 507 2302 constituit.
555 2237 621 2302 Hic
647 2243 759 2300 autem
785 2237 919 2302 nomina
943 2237 1182 2322 possessionum
1210 2257 1290 2322 quas

247 2339 335 2404 idem
371 2339 570 2402 reverendus
606 2343 700 2426 pater
728 2345 840 2404 noster
862 2341 978 2404 beatus
1010 2339 1181 2426 Egguiuus
1215 2339 1290 2404 huic

246 2441 387 2506 ecclesiae
424 2439 606 2526 acquisivit,
638 2447 672 2506 et
710 2463 822 2506 eorurn
851 2441 987 2506 nomina
1025 2465 1045 2504 a
1086 2441 1204 2528 quibus
1238 2463 1291 2506 eas

241 2541 401 2624 obtinuit,
426 2549 599 2608 uteorum
628 2543 785 2608 memoria
808 2543 852 2608 sit
873 2543 910 2606 in
932 2541 1167 2626 benedictione,
1193 2543 1292 2608 deno-

247 2647 350 2712 tanda
379 2647 516 2732 dignum
536 2645 699 2712 duximus.

329 2971 486 3038 Nomina
518 2971 765 3058 bencfactorum
786 2971 1044 3038 Evectumeucc's
1069 2973 1212 3040 coenobii
1305 2975 1425 3024 Benene„

534 3083 563 3140 ct
584 3077 835 3160 posscssionum
857 3073 1011 3160 cjosoleru.
1047 3073 1050 3076 ’
1304 3047 1436 3160 ffilffam

293 3253 391 3314 Anno
418 3253 522 3338 igitur
543 3253 586 3316 ab
609 3227 833 3316 incarnatione
851 3251 987 3316 Domini
1002 3251 1292 3338 septingentesimo
1319 3247 1430 3364 70&

248 3353 360 3440 primo,
393 3353 468 3418 Rex
506 3353 701 3418 Merciorurn
728 3353 947 3430 AEthelredus,
972 3353 1059 3416 filius
1091 3353 1220 3430 Pendae,
1257 3353 1294 3416 in
1306 3351 1440 3430 Grantsof'

247 3457 369 3520 honore
399 3455 504 3520 beatae
525 3449 688 3542 ¹Virginis
725 3455 849 3530 Mariae,
883 3455 974 3520 dedit
1004 3455 1075 3518 viro
1114 3454 1293 3518 venerabili
1304 3447 1443 3560 fflhefffeds

248 3555 418 3644 Ecguuino
446 3559 592 3646 episcopo
616 3557 824 3622 Hethomme.
883 3557 982 3620 Anno
1005 3557 1170 3622 incarnati
1192 3555 1293 3620 Verbi
1304 3527 1407 3630 Mergcia.

248 3661 535 3748 septingentesimo
565 3661 664 3724 tertio
695 3659 786 3724 dedit
813 3659 901 3724 idern
932 3681 991 3722 rex
1017 3659 1158 3724 ecclesiae
1186 3661 1293 3724 beatae

248 3763 364 3828 Mariae
392 3767 586 3826 constructae
618 3763 654 3824 in
686 3761 844 3842 Hethom,
875 3767 1049 3848 postquam
1072 3761 1169 3824 beata
1191 3759 1293 3848 Virgo

249 3863 400 3926 Mariain
415 3863 605 3928 eodemloco
621 3869 852 3950 comparuerat,
870 3863 966 3926 beato
983 3863 1142 3948 Eggwino
1154 3863 1294 3928 Ohadel·

248 3965 330 4042 buri‚
368 3963 547 4028 Fladeburi
584 3969 618 4028 et
656 3963 830 4044 Stredfort,
870 3989 967 4052 quam
1010 3971 1130 4052 postea,
1163 3971 1293 4030 mortua

249 4067 399 4132 Ostritha
413 4067 535 4152 regina,
557 4067 728 4154 occupavit
753 4067 974 4132 AEthellardns
998 4067 1194 4132 Wiceiorum
1218 4065 1293 4130 sub-

248 4169 387 4256 regulus,
416 4169 517 4234 donec
547 4169 663 4232 beatus
694 4169 870 4256 Ecgwinus
901 4169 995 4234 daret
1032 4169 1137 4234 eidem
1168 4191 1225 4256 pro
1256 4189 1294 4232 ea

250 4271 434 4336 Flodeburi.
480 4269 605 4334 Eodem
620 4291 707 4334 anno
723 4271 814 4336 dedit
836 4271 931 4336 Offa¹
953 4295 1010 4338 rex
1027 4271 1131 4336 eidem
1154 4271 1293 4336 ecclesiae
1306 4259 1446 4388 gffligfg

249 4373 285 4438 in
312 4375 468 4450 Hethom‚
491 4373 637 4452 Huffam,
661 4377 727 4438 tres
750 4373 953 4454 Lutletorsas
978 4373 1167 4452 Poddenh0‚
1185 4373 1428 4442 Huni-ofnssex.

284 4613 326 4640 ¹“
344 4613 477 4676 predictus
503 4611 675 4674 Ethelrcduc‚''
701 4627 747 4662 rex
799 4613 841 4662 the
853 4613 910 4662 date
919 4613 949 4662 of
959 4615 1014 4674 709,
1025 4613 1071 4662 but
1085 4613 1294 4676 markednsspu-

252 4691 404 4742 Merciorum
425 4691 562 4754 “decim'’
590 4693 663 4742 Harl.
689 4693 744 4742 MS.
796 4693 873 4752 ricus,
896 4691 923 4740 in
947 4691 1062 4752 Komble,
1085 4691 1145 4742 God.
1175 4691 1295 4754 Diplom„

251 4775 324 4832 3763,
339 4773 355 4820 f.
368 4775 414 4832 573
433 4769 533 4820 Kcnred
542 4775 592 4822 and
605 4771 670 4832 offa,
683 4771 745 4822 with
795 4771 843 4822 rol.
857 4787 875 4820 1.
886 4787 911 4834 p.
924 4779 964 4832 70,
977 4769 1245 4834 fromVesp.n.xx1V.
