3300 5666
287 763 288 766 ¹
319 745 360 810 90
508 765 708 814 00000000
731 763 886 814 assarta
910 765 955 814 00
978 763 1147 812 nussum.

191 955 260 1004 A.D'.·
314 947 443 1026 iterum,
460 953 492 1014 et
517 951 616 1014 tertia
631 953 723 1030 nocte
742 947 863 1034 jubens
887 951 1043 1014 minando
1059 955 1098 1012 ut
1114 971 1188 1014 suas
1202 949 1368 1034 'reliquias

152 1025 302 1078 ¹⁰⁷⁰‘1077'
316 1051 508 1136 quantocius
545 1049 609 1114 huc
647 1051 689 1114 ad
726 1049 892 1114 ecclesiam
929 1053 1118 1136 reportaret.
1190 1049 1255 1116 Sed
1292 1049 1356 1126 illa,

248 1153 251 1160 ’
314 1151 468 1220 foeminea
490 1155 625 1238 decepta
648 1151 837 1238 cupiditate,
860 1151 950 1216 nullo
974 1153 1070 1218 modo
1097 1153 1209 1216 volens
1232 1153 1266 1216 id
1286 1175 1356 1238 per-

210 1293 212 1296 -
315 1255 418 1334 ficere,
434 1255 515 1338 ¹Dei
528 1253 653 1340 judicio
676 1275 754 1318 mcx
791 1277 942 1340 percussa
963 1259 1013 1320 est
1034 1255 1169 1340 perenni
1191 1253 1357 1318 oculorum

317 1359 471 1426 caecitate.
519 1355 592 1434 Qua
613 1355 652 1420 dc
682 1379 715 1420 rc
740 1355 929 1442 plusquam
947 1355 1011 1420 dici
1032 1355 1121 1420 valet
1148 1355 1261 1420 timore
1289 1377 1356 1440 per·

316 1459 439 1534 territa,
460 1457 595 1524 0001000
622 1457 686 1520 huc
716 1457 758 1520 ad
788 1457 942 1522 abbatem
971 1459 1144 1522 Mannium
1175 1463 1208 1522 et
1235 1457 1359 1538 fratres,

318 1559 460 1622 clamans
490 1579 523 1622 se
552 1579 640 1622 ream
673 1563 705 1622 et
740 1553 934 1642 culpabilem
973 1565 1005 1624 et
1043 1559 1221 1646 impetrans
1247 1559 1289 1622 ab
1316 1559 1361 1624 eis

318 1661 564 1746 indulgentiam,
595 1659 739 1732 obtinuit
767 1661 808 1724 ab
831 1661 877 1726 eis
900 1665 938 1724 ut
970 1661 1127 1746 quamdiu
1149 1659 1277 1724 viveret
1308 1681 1361 1724 eas

318 1761 505 1848 possideret,
528 1761 666 1848 fecitque
691 1761 804 1826 statim
826 1763 1058 1826 honorabiliter
1073 1761 1146 1826 fieri
1160 1783 1239 1826 auro
1264 1765 1362 1846 atque
1388 1765 1392 1772 '

319 1869 452 1950 argento
467 1863 527 1928 hoc
550 1863 657 1928 minus
678 1863 834 1928 feretrum
857 1863 962 1928 sancti
978 1863 1127 1946 Ecgwini
1152 1867 1184 1928 et
1211 1861 1363 1948 reliquias

320 1967 410 2030 intus
433 1967 552 2050 reponi.
610 1965 675 2030 Sed
698 1969 773 2050 post
795 1969 933 2030 mortem
960 1965 1029 2050 ejus
1047 1963 1135 2030 filius
1159 1985 1245 2042 suus,
1268 1965 1365 2030 Arni-

320 2069 387 2132 sius
402 2067 568 2144 vocabulo,
593 2071 737 2154 paternae
761 2065 963 2132 haereditatis
991 2067 1125 2132 effectus
1145 2067 1256 2144 haeres,
1273 2067 1365 2150 quasi

321 2169 511 2256 imprudens
534 2169 676 2234 vivendo
699 2167 863 2234 luxuriose
886 2175 985 2252 atque
1007 2169 1199 2254 insipienter
1222 2169 1367 2254 perdidit

323 2275 441 2336 cuncta
471 2291 544 2356 quae
567 2271 715 2352 habebat,
740 2275 773 2334 et
796 2271 886 2340 istud
908 2271 1065 2336 feretrum
1086 2271 1191 2336 sancti
1218 2271 1367 2356 Ecgwini

323 2373 451 2438 cuidam
489 2375 618 2458 potenti
656 2371 781 2436 homini
824 2373 1071 2438 custodiendum
1112 2373 1367 2438 commendabat.

325 2473 422 2552 Quod
448 2477 488 2536 00
512 2477 612 2540 abbas
628 2475 810 2560 Ageluuius
834 2475 994 2562 cognovit,
1018 2475 1168 2560 protinus
1184 2475 1368 2552 adveniens,

279 2623 280 2628 η
324 2581 411 2642 recto
416 2575 491 2662 jure
502 2575 585 2642 illud
594 2575 709 2642 debere
726 2599 793 2642 esse
803 2579 971 2664 proprium
982 2577 1081 2662 hujus
1097 2581 1219 2642 sanctae
1229 2577 1378 2642 ecclesiae

326 2677 549 2764 adplaoitavit,
575 2683 609 2742 et
640 2679 699 2758 ita,
722 2679 786 2742 Dei
820 2681 929 2764 gratia
950 2679 1143 2764 opitulante,
1168 2699 1262 2744 suum
1286 2679 1369 2742 00110

327 2779 526 2866 impetravit,
560 2787 594 2848 00
616 2781 659 2846 ad
682 2781 783 2848 istum
807 2783 914 2848 locum
937 2805 1010 2848 cum
1033 2803 1155 2868 magna
1177 2783 1368 2860 reverentia,

328 2885 528 2970 processione
551 2885 696 2948 maxima
733 2889 847 2948 contra
878 2885 966 2950 facta
996 2891 1064 2948 tam
1099 2883 1239 2948 fratrum
1274 2907 1371 2968 quam

327 2987 531 3072 populorum,
556 2987 717 3070 reportari
739 2987 825 3050 fecit.
873 2987 1043 3052 Hactenus
1078 2987 1118 3050 de
1150 2987 1214 3050 isto
1237 2987 1370 3052 domino

329 3089 449 3154 abbate
482 3089 646 3174 Ageluuio
678 3089 773 3174 plura
806 3089 907 3154 locuti
941 3109 1061 3166 sumus,
1096 3089 1152 3154 sed
1190 3089 1285 3154 testis
1323 3093 1372 3156 est

329 3191 425 3270 Deus,
449 3195 550 3256 testes
585 3213 696 3256 omnes
718 3191 825 3278 angeli
859 3197 892 3256 et
924 3191 1028 3256 sancti
1063 3191 1143 3278 Ejus
1177 3197 1262 3272 sunt,
1298 3193 1374 3278 quia

329 3295 483 3380 quicquid
513 3299 583 3360 tam
618 3295 658 3360 dc
689 3293 746 3360 illc
781 3317 880 3380 quam
912 3295 952 3358 de
975 3293 1048 3360 aliis
1070 3317 1169 3380 supra
1192 3295 1373 3374 retulimus,

330 3419 477 3462 veracem
512 3397 735 3484 narrationem
782 3397 825 3462 ad
862 3397 1017 3462 notitiam
1055 3401 1125 3462 tam
1162 3397 1374 3482 praesentium

332 3523 428 3586 quam
441 3501 658 3586 sequentium
680 3499 818 3586 fratrum
850 3505 884 3564 et
902 3501 1095 3580 amicorum
1126 3499 1224 3584 hujus
1255 3505 1375 3564 sancta

168 3615 231 3666 This
241 3613 291 3662 his·
332 3605 471 3668 ecclesiae
492 3605 634 3668 fideliter
656 3603 798 3668 fecimus.
854 3603 980 3668 Partim
1002 3623 1143 3686 namque
1175 3601 1211 3666 10
1233 3603 1385 3686 00010010Ι
1475 3611 1478 3620 *

167 3691 309 3812 {yffi
332 3707 432 3772 aas
455 3705 552 3792 hujus
585 3707 647 3772 1001
678 3705 867 3792 reperimus,
890 3705 1013 3790 parcam
1036 3727 1056 3766 a
1077 3703 1276 3770 00000000
1299 3705 1378 3770 vas

168 3815 294 3864 authento
332 3809 526 3890 audivimus,
550 3809 671 3892 partim
702 3809 846 3892 nosipsi
881 3807 982 3872 oculis
1004 3807 1125 3872 nostris
1148 3807 1379 3892 perspeximus.

168 3897 274 3932 sources.
335 3911 434 3978 Nunc
456 3911 560 3996 igitur
582 3913 619 3976 in
641 3911 706 3976 fine
729 3909 826 3994 hujus
850 3911 954 3996 operis
977 3911 1130 3974 volumus
1152 3933 1210 3996 per
1233 3911 1380 3986 ordinem

334 4019 438 4080 terras
461 4015 684 4080 demonstrare
719 4035 800 4098 quas
834 4013 903 4098 ipse
931 4037 951 4078 a
974 4035 1048 4100 rege
1064 4013 1268 4080 AEduuardo‘
1281 4019 1315 4078 et
1337 4015 1379 4078 ab

336 4117 408 4182 aliis
426 4117 525 4180 bonis
539 4103 727 4182 hominibus
749 4115 1000 4186 laboriosissime
1015 4115 1223 4200 maximaque
1244 4115 1382 4202 pecunia

336 4221 524 4286 redimendo
547 4219 725 4304 acquisivit
747 4219 824 4284 huic
846 4225 968 4284 sanotae
993 4219 1142 4300 ecclesiae,
1160 4225 1318 4306 etusque
1341 4219 1384 4284 ad

338 4327 477 4386 mortem
500 4321 622 4406 absque
655 4321 744 4388 omni
767 4323 947 4406 quaestione
969 4323 1004 4386 in
1027 4345 1105 4408 pace
1128 4321 1238 4388 tenuit
1264 4341 1388 4410 magna¹

339 4447 412 4492 oum
426 4425 588 4490 libertate.
639 4427 681 4490 ln
698 4421 981 4504 Wiricestrescire,
997 4425 1245 4512 Beoingwrthe,
1260 4425 1383 4490 Heam-

339 4531 441 4608 0000;
464 4529 553 4594 ultra
567 4527 767 4608 111101οο0000,
784 4527 912 4614 Uptun,
929 4529 1092 4608 wittune,
1117 4529 1248 4606 Leinch,
1271 4529 1386 4594 Eaces-

184 4635 186 4644 ⁴
304 4631 639 4720 ’1010000101010100
700 4631 810 4712 Quum
825 4711 826 4714 Ἴ
844 4637 914 4700 erat
944 4619 1138 4722 praepositus
1162 4633 1222 4712 sub
1246 4633 1389 4706 1100010,
