3300 5666
408 803 610 858 canonicor
635 801 791 856 ABBATIAE
815 803 861 850 nu
884 801 1052 852 nvusnlu.
1109 823 1110 826 π
1140 857 1144 872 .
1191 793 1256 860 123

206 979 304 1050 Luem
320 977 545 1064 Evangel'mtae.
592 977 637 1040 Et
651 977 729 1044 illuc
745 975 957 1064 processimus
982 977 1108 1064 copiose
1123 977 1257 1048 munitil
1313 999 1380 1050 AD.

205 1079 379 1158 advocatis,
404 1081 572 1166 episcopus
594 1101 671 1144 vero
695 1079 898 1166 constipatus
921 1101 989 1150 non
1020 1079 1128 1150 solum
1151 1081 1255 1146 advo·
1296 1067 1398 1114 1²⁰²'3‘

206 1181 293 1260 catis,
309 1181 365 1254 sed
382 1181 480 1246 etiam
497 1181 562 1246 fere
587 1181 738 1250 omnibus
761 1183 918 1268 episcopis
941 1181 1043 1266 hujus
1069 1183 1255 1268 provinciae,
1268 1163 1404 1292 ffilgeoffle'

205 1289 237 1350 et
271 1285 433 1372 praecipue
461 1285 645 1366 astantibus
681 1283 710 1348 ei
743 1283 875 1362 Eliensi,
910 1289 1014 1350 tantae
1047 1285 1255 1348 auctoritatis
1268 1309 1323 1370 case
1336 1309 1393 1344 oon-

178 1389 283 1470 Vviro,
307 1391 341 1452 et
375 1387 614 1456 Herefordeusi.
672 1387 817 1454 Tandem
840 1393 913 1474 post
936 1391 1057 1454 multas
1092 1393 1125 1452 et
1148 1389 1254 1452 varias
1267 1365 1390 1484 {ssssffissl

206 1489 416 1576 allegationes
446 1491 612 1576 utrimque
645 1491 836 1578 propositas,
860 1493 1120 1580 archiepiscopus
1143 1481 1256 1566 taliter
1269 1497 1299 1540 19
1313 1493 1368 1544 Oet·

205 1613 336 1656 exorsus
360 1597 431 1666 est:
473 1593 704 1662 “Sententiam
728 1595 867 1680 episcopi
898 1595 974 1662 licet
1007 1597 1082 1680 post
1115 1593 1255 1678 appella
1268 1595 1321 1670 me
1334 1595 1403 1644 arch*

204 1697 365 1760 “tionem
392 1697 495 1760 latam
526 1715 585 1758 nec
609 1695 872 1758 confirmabimus
909 1717 969 1760 nec
1007 1693 1253 1768 infirmabimus,
1266 1661 1399 1776 ffl'ffle

204 1805 219 1832 “
242 1797 314 1860 ideo
330 1797 492 1884 praecipue
510 1799 588 1880 quia
603 1819 705 1862 causa·
716 1817 774 1880 pro
791 1819 856 1880 qua
870 1797 939 1860 lata
953 1801 1003 1862 est
1019 1797 1189 1860 commissa
1204 1797 1254 1860 est
1265 1795 1353 1906 pppeal
1366 1799 1392 1840 t0

205 1907 220 1934 ‘¹
239 1897 406 1982 judicibus
419 1899 574 1984 delegatis
590 1919 610 1960 a
626 1897 755 1962 domino
768 1921 858 1984 papa.
892 1897 937 1962 Et
947 1903 993 1976 tu,
1005 1897 1133 1962 domine
1144 1897 1253 1972 abbas,
1266 1875 1390 1976 οξῒξῇοζῖ.

203 2009 219 2036 “
252 2021 384 2086 sequere
406 2001 516 2066 literas
541 2005 616 2064 tuas
640 2005 674 2066 et
694 2001 820 2086 judices
843 2001 948 2064 tuos.”
1003 1999 1047 2064 Et
1066 2003 1253 2064 recessimus
1267 1993 1373 2108 forelup

201 2105 389 2190 gaudentes,
414 2107 448 2166 et
471 2101 634 2188 prosecuti
666 2123 778 2166 sumus
811 2123 942 2166 causam
966 2105 1113 2166 nostram
1147 2123 1252 2166 coram
1265 2075 1420 2192 lipiaaln

198 2205 366 2292 judicibus
380 2205 508 2272 nostris.
555 2203 578 2268 J
580 2227 634 2274 am
655 2205 780 2290 pridem
797 2205 892 2282 enim,
905 2227 957 2270 me
974 2211 1170 2292 procurante
1185 2227 1254 2270 om·
1266 2193 1383 2312 ffiffis

203 2307 301 2372 nibus
332 2307 461 2372 viribus
492 2307 573 2372 meis
594 2311 633 2370 ut
657 2309 794 2392 quaestio
818 2313 925 2372 status
956 2313 1144 2372 moveretur
1167 2295 1369 2378 internorum.¹

203 2431 260 2488 nos
276 2415 309 2474 et
326 2411 510 2496 episcopum
527 2413 560 2474 et
578 2409 688 2478 crebro
705 2421 755 2474 me
773 2411 969 2496 praedicante
994 2411 1080 2496 quod
1102 2411 1138 2476 in
1161 2409 1254 2480 brevi
1265 2397 1374 2512 ffilssolle

204 2517 400 2588 moveretur,
431 2513 683 2600 perquisivimus
705 2511 817 2576 literas
840 2513 965 2578 domini
990 2537 1083 2600 papae
1099 2513 1253 2578 videlicet
1266 2481 1387 2584 sonuisse.
1422 2573 1424 2576 .

203 2617 289 2700 quod
313 2615 480 2702 episcopus
506 2621 618 2678 contra
634 2613 805 2700 privilegia
822 2615 1045 2680 Romanorum
1060 2615 1251 2698 pontificum

203 2717 295 2780 nobis
325 2715 501 2800 injuriosus
539 2717 701 2792 existeret,
725 2719 758 2780 et
790 2737 846 2802 per
882 2717 940 2780 has
972 2715 1084 2786 literas
1118 2715 1252 2780 fecimus
1309 2711 1311 2714 ’

202 2819 310 2882 vocari
341 2819 525 2906 episcopum
552 2819 588 2882 in
619 2819 725 2906 prima
746 2819 798 2900 die
822 2819 891 2880 litis
914 2821 1035 2882 nostrae
1050 2821 1126 2880 ante
1150 2817 1252 2882 archi-

110 2945 114 2958 ·
202 2921 386 3008 episcopum
409 2921 497 3006 apud
516 2921 724 3008 Wigorniam.

203 3245 252 3312 Dc
270 3247 388 3332 primo
418 3249 543 3322 traca
568 3247 715 3336 episcopi
738 3253 768 3314 ct
790 3253 903 3314 bostro
926 3249 1074 3314 Romam
1097 3269 1162 3334 pro
1189 3249 1250 3316 buc

671 3371 780 3416 causo.

245 3547 352 3614 Erant
376 3553 486 3614 autem
516 3547 644 3634 judices
667 3545 772 3612 nostri
795 3547 833 3612 de
863 3545 1091 3626 Malbesburia,
1115 3547 1248 3616 Abbeu-
1263 3581 1400 3648 Thebano

203 3653 301 3716 donia
329 3655 362 3716 et
394 3653 433 3716 de
457 3651 656 3738 Eiguesham
690 3651 834 3728 abbates,
867 3671 972 3716 coram
998 3651 1116 3736 quibus
1147 3673 1248 3734 quum
1260 3653 1360 3762 sappam
1400 3617 1416 3664 p

203 3755 367 3840 episcopus
403 3753 598 3838 aliquotiens
632 3755 876 3838 comparuisset,
899 3751 1035 3818 'tandem
1067 3753 1108 3816 ab
1140 3755 1186 3818 eis
1209 3761 1248 3820 ut
1262 3721 1383 3848 Jaissffg}

203 3857 264 3920 sibi
287 3857 444 3942 suspectis
468 3857 656 3942 appellavit,
683 3857 773 3920 etin
796 3857 926 3940 propria
949 3877 1085 3940 persona
1108 3857 1249 3942 appella
1262 3851 1385 3974 &Roma

202 3959 325 4026 tionem
348 3963 397 4022 est
421 3963 617 4044 prosecutus
675 3957 744 4022 Nos
767 3979 844 4022 vero
867 3959 1015 4022 misimus
1039 3961 1152 4022 contra
1174 3981 1248 4022 eum
1263 3929 1353 4028 Graeco.r

203 4061 363 4146 quendam
388 4061 582 4124 monachum
619 4051 843 4124 Ermefredum
878 4061 1019 4136 nomine,
1050 4061 1160 4124 virum
1182 4061 1248 4124 dis·
1260 4055 1365 4160 {212⁸st

203 4169 334 4242 cretum,
362 4163 445 4226 bene
475 4163 643 4228 literatum
678 4167 711 4226 et
745 4163 906 4250 optimum
931 4163 1106 4240 notarium,
1133 4161 1189 4248 qui
1212 4163 1248 4226 in
1262 4187 1301 4234 qu.
1314 4153 1373 4222 vi.'

203 4267 288 4330 curia
314 4267 462 4330 Romana
486 4265 570 4332 diem
595 4265 711 4330 clausit
734 4271 927 4358 extremum,
943 4271 977 4332 et
1001 4267 1162 4352 quendam
1177 4253 1314 4328 cur-⁰³¹³·
1331 4243 1383 4310 ω’]

204 4391 305 4436 sorem
344 4369 561 4436 collateralem
596 4369 725 4434 abbatis
761 4369 818 4456 qui
851 4371 1020 4436 literarum
1061 4363 1247 4434 nostrarum

203 4473 340 4558 portitor
356 4473 429 4550 fuit,
446 4475 503 4558 qui
527 4471 676 4536 similiter
698 4477 812 4556 postea
834 4473 961 4538 rediens
985 4495 1005 4536 a
1027 4473 1116 4534 curia
1137 4471 1246 4536 labore

215 4667 270 4676 v--..
273 4667 1193 4676 mmmmm-*Q-
1196 4669 1242 4676 mu...

578 4791 585 4820 ¹
598 4789 696 4856 aconiti]
710 4789 806 4850 minuti,
818 4787 874 4840 MS.
