<?xml version="1.0" encoding="UTF-8"?>
<!DOCTYPE html PUBLIC "-//W3C//DTD XHTML 1.0 Transitional//EN"
    "http://www.w3.org/TR/xhtml1/DTD/xhtml1-transitional.dtd">
<html xmlns="http://www.w3.org/1999/xhtml" xml:lang="en" lang="en">
 <head>
  <title>
</title>
<meta http-equiv="Content-Type" content="text/html;charset=utf-8" />
  <meta name='ocr-system' content='tesseract 3.04.00' />
  <meta name='ocr-capabilities' content='ocr_page ocr_carea ocr_par ocr_line ocrx_word'/>
</head>
<body>
  <div class='ocr_page' id='page_1' title='image "./chroniconabbati01marlgoog/chroniconabbati01marlgoog_0162.png"; bbox 0 0 3300 5666; ppageno 0'>
   <div class='ocr_carea' id='block_1_1' title="bbox 188 1051 333 1168">
    <p class='ocr_par' dir='ltr' id='par_1_1' title="bbox 188 1051 333 1168">
     <span class='ocr_line' id='line_1_1' title="bbox 229 1051 296 1100; baseline 0 0"><span class='ocrx_word' id='word_1_1' title='bbox 229 1051 296 1100; x_wconf 73' lang='lat' dir='ltr'>Ab.</span> 
     </span>
     <span class='ocr_line' id='line_1_2' title="bbox 188 1121 333 1168; baseline 0.014 -4"><span class='ocrx_word' id='word_1_2' title='bbox 188 1121 333 1168; x_wconf 77' lang='lat' dir='ltr'>lter-1195.</span> 
     </span>
    </p>
   </div>
   <div class='ocr_carea' id='block_1_2' title="bbox 188 1359 331 1474">
    <p class='ocr_par' dir='ltr' id='par_1_2' title="bbox 188 1359 331 1474">
     <span class='ocr_line' id='line_1_3' title="bbox 188 1359 331 1474; baseline -0.035 -62"><span class='ocrx_word' id='word_1_3' title='bbox 188 1359 213 1474; x_wconf 59' lang='lat' dir='ltr'>n</span> <span class='ocrx_word' id='word_1_4' title='bbox 226 1361 294 1412; x_wconf 78' lang='lat' dir='ltr'>John</span> <span class='ocrx_word' id='word_1_5' title='bbox 305 1373 331 1408; x_wconf 87' lang='lat' dir='ltr'>x.</span> 
     </span>
    </p>
   </div>
   <div class='ocr_carea' id='block_1_3' title="bbox 194 2281 342 2414">
    <p class='ocr_par' dir='ltr' id='par_1_3' title="bbox 194 2281 342 2414">
     <span class='ocr_line' id='line_1_4' title="bbox 194 2281 342 2330; baseline 0 0"><span class='ocrx_word' id='word_1_6' title='bbox 194 2283 242 2330; x_wconf 88' lang='lat' dir='ltr'>His</span> <span class='ocrx_word' id='word_1_7' title='bbox 253 2281 342 2330; x_wconf 87' lang='lat' dir='ltr'>immo·</span> 
     </span>
     <span class='ocr_line' id='line_1_5' title="bbox 194 2349 276 2414; baseline 0.049 -18"><span class='ocrx_word' id='word_1_8' title='bbox 194 2349 276 2414; x_wconf 81' lang='lat' dir='ltr'>rality.</span> 
     </span>
    </p>
   </div>
   <div class='ocr_carea' id='block_1_4' title="bbox 352 831 1194 916">
    <p class='ocr_par' dir='ltr' id='par_1_4' title="bbox 352 831 1194 916">
     <span class='ocr_line' id='line_1_6' title="bbox 352 831 1194 916; baseline 0.008 -9"><span class='ocrx_word' id='word_1_9' title='bbox 352 831 415 912; x_wconf 73' lang='lat' dir='ltr'>lot</span> <span class='ocrx_word' id='word_1_10' title='bbox 552 855 753 916; x_wconf 71' lang='lat' dir='ltr'>onnorrcon&#39;</span> <span class='ocrx_word' id='word_1_11' title='bbox 776 853 932 916; x_wconf 72' lang='lat' dir='ltr'>insiste</span> <span class='ocrx_word' id='word_1_12' title='bbox 956 863 1002 914; x_wconf 82' lang='lat' dir='ltr'>na</span> <span class='ocrx_word' id='word_1_13' title='bbox 1025 857 1194 916; x_wconf 76' lang='lat' dir='ltr'>avtsrrutt.</span> 
     </span>
    </p>
   </div>
   <div class='ocr_carea' id='block_1_5' title="bbox 353 1039 1409 2564">
    <p class='ocr_par' dir='ltr' id='par_1_5' title="bbox 353 1039 1409 2564">
     <span class='ocr_line' id='line_1_7' title="bbox 398 1039 1397 1126; baseline 0.002 -22"><span class='ocrx_word' id='word_1_14' title='bbox 398 1041 534 1106; x_wconf 89' lang='lat' dir='ltr'>De-hoc</span> <span class='ocrx_word' id='word_1_15' title='bbox 561 1043 611 1106; x_wconf 87' lang='lat' dir='ltr'>sui</span> <span class='ocrx_word' id='word_1_16' title='bbox 638 1039 738 1124; x_wconf 83' lang='lat' dir='ltr'>ipsius</span> <span class='ocrx_word' id='word_1_17' title='bbox 765 1041 912 1126; x_wconf 83' lang='lat' dir='ltr'>ingressu</span> <span class='ocrx_word' id='word_1_18' title='bbox 942 1043 1011 1126; x_wconf 89' lang='lat' dir='ltr'>ipse</span> <span class='ocrx_word' id='word_1_19' title='bbox 1033 1039 1291 1124; x_wconf 85' lang='lat' dir='ltr'>abbasRogerus</span> <span class='ocrx_word' id='word_1_20' title='bbox 1311 1063 1397 1124; x_wconf 85' lang='lat' dir='ltr'>saepe</span> 
     </span>
     <span class='ocr_line' id='line_1_8' title="bbox 353 1129 1398 1228; baseline 0.003 -24"><span class='ocrx_word' id='word_1_21' title='bbox 353 1139 458 1208; x_wconf 80' lang='lat' dir='ltr'>dicere</span> <span class='ocrx_word' id='word_1_22' title='bbox 493 1147 705 1208; x_wconf 87' lang='lat' dir='ltr'>consueverat</span> <span class='ocrx_word' id='word_1_23' title='bbox 738 1143 825 1228; x_wconf 85' lang='lat' dir='ltr'>quod</span> <span class='ocrx_word' id='word_1_24' title='bbox 849 1143 999 1208; x_wconf 86' lang='lat' dir='ltr'>dominus</span> <span class='ocrx_word' id='word_1_25' title='bbox 1021 1167 1079 1208; x_wconf 77' lang='lat' dir='ltr'>ren</span> <span class='ocrx_word' id='word_1_26' title='bbox 1102 1163 1159 1228; x_wconf 90' lang='lat' dir='ltr'>pro</span> <span class='ocrx_word' id='word_1_27' title='bbox 1182 1129 1316 1208; x_wconf 82' lang='lat' dir='ltr'>servitio</span> <span class='ocrx_word' id='word_1_28' title='bbox 1340 1165 1398 1208; x_wconf 89' lang='lat' dir='ltr'>sno</span> 
     </span>
     <span class='ocr_line' id='line_1_9' title="bbox 356 1243 1401 1330; baseline 0.002 -22"><span class='ocrx_word' id='word_1_29' title='bbox 356 1243 447 1310; x_wconf 92' lang='lat' dir='ltr'>dedit</span> <span class='ocrx_word' id='word_1_30' title='bbox 458 1247 486 1310; x_wconf 93' lang='lat' dir='ltr'>ei</span> <span class='ocrx_word' id='word_1_31' title='bbox 498 1247 583 1310; x_wconf 92' lang='lat' dir='ltr'>hanc</span> <span class='ocrx_word' id='word_1_32' title='bbox 592 1245 768 1324; x_wconf 73' lang='lat' dir='ltr'>abbatiam,</span> <span class='ocrx_word' id='word_1_33' title='bbox 782 1267 819 1310; x_wconf 86' lang='lat' dir='ltr'>ao</span> <span class='ocrx_word' id='word_1_34' title='bbox 834 1245 861 1310; x_wconf 89' lang='lat' dir='ltr'>si</span> <span class='ocrx_word' id='word_1_35' title='bbox 872 1247 1001 1326; x_wconf 92' lang='lat' dir='ltr'>diceret,</span> <span class='ocrx_word' id='word_1_36' title='bbox 1019 1253 1034 1280; x_wconf 86' lang='lat'><strong>“</strong></span> <span class='ocrx_word' id='word_1_37' title='bbox 1049 1247 1127 1310; x_wconf 90' lang='lat' dir='ltr'>Non</span> <span class='ocrx_word' id='word_1_38' title='bbox 1142 1267 1199 1330; x_wconf 91' lang='lat' dir='ltr'>per</span> <span class='ocrx_word' id='word_1_39' title='bbox 1214 1245 1334 1310; x_wconf 87' lang='lat' dir='ltr'>ostium</span> <span class='ocrx_word' id='word_1_40' title='bbox 1344 1247 1401 1310; x_wconf 90' lang='lat' dir='ltr'>sed</span> 
     </span>
     <span class='ocr_line' id='line_1_10' title="bbox 357 1335 1400 1434; baseline 0 -22"><span class='ocrx_word' id='word_1_41' title='bbox 357 1347 488 1414; x_wconf 84' lang='lat' dir='ltr'>aliunde</span> <span class='ocrx_word' id='word_1_42' title='bbox 503 1349 666 1434; x_wconf 87' lang='lat' dir='ltr'>ingressus</span> <span class='ocrx_word' id='word_1_43' title='bbox 683 1369 756 1412; x_wconf 87' lang='lat' dir='ltr'>sum</span> <span class='ocrx_word' id='word_1_44' title='bbox 772 1349 807 1412; x_wconf 93' lang='lat' dir='ltr'>in</span> <span class='ocrx_word' id='word_1_45' title='bbox 824 1335 908 1412; x_wconf 83' lang='lat' dir='ltr'>evile</span> <span class='ocrx_word' id='word_1_46' title='bbox 924 1349 1035 1414; x_wconf 90' lang='lat' dir='ltr'>ovium</span> <span class='ocrx_word' id='word_1_47' title='bbox 1049 1347 1081 1428; x_wconf 63' lang='lat'>3³³,</span> <span class='ocrx_word' id='word_1_48' title='bbox 1099 1351 1133 1412; x_wconf 92' lang='lat' dir='ltr'>et</span> <span class='ocrx_word' id='word_1_49' title='bbox 1146 1371 1261 1414; x_wconf 89' lang='lat' dir='ltr'>revera</span> <span class='ocrx_word' id='word_1_50' title='bbox 1276 1373 1296 1412; x_wconf 93' lang='lat' dir='ltr'>a</span> <span class='ocrx_word' id='word_1_51' title='bbox 1310 1349 1400 1414; x_wconf 87' lang='lat' dir='ltr'>nullo</span> 
     </span>
     <span class='ocr_line' id='line_1_11' title="bbox 358 1445 1400 1538; baseline 0 -24"><span class='ocrx_word' id='word_1_52' title='bbox 358 1451 499 1536; x_wconf 89' lang='lat' dir='ltr'>capitulo</span> <span class='ocrx_word' id='word_1_53' title='bbox 522 1451 586 1514; x_wconf 89' lang='lat' dir='ltr'>fnit</span> <span class='ocrx_word' id='word_1_54' title='bbox 608 1451 803 1536; x_wconf 89' lang='lat' dir='ltr'>postulatus,</span> <span class='ocrx_word' id='word_1_55' title='bbox 827 1451 911 1516; x_wconf 88' lang='lat' dir='ltr'>sicut</span> <span class='ocrx_word' id='word_1_56' title='bbox 941 1473 1079 1516; x_wconf 89' lang='lat' dir='ltr'>canones</span> <span class='ocrx_word' id='word_1_57' title='bbox 1103 1451 1173 1514; x_wconf 93' lang='lat' dir='ltr'>fieri</span> <span class='ocrx_word' id='word_1_58' title='bbox 1196 1445 1400 1538; x_wconf 88' lang='lat' dir='ltr'>praecipiunt.</span> 
     </span>
     <span class='ocr_line' id='line_1_12' title="bbox 359 1551 1403 1638; baseline 0 -22"><span class='ocrx_word' id='word_1_59' title='bbox 359 1551 426 1618; x_wconf 86' lang='lat' dir='ltr'>iste</span> <span class='ocrx_word' id='word_1_60' title='bbox 442 1551 543 1616; x_wconf 88' lang='lat' dir='ltr'>abbas</span> <span class='ocrx_word' id='word_1_61' title='bbox 566 1553 809 1638; x_wconf 80' lang='lat' dir='ltr'>magnanimum</span> <span class='ocrx_word' id='word_1_62' title='bbox 832 1575 866 1618; x_wconf 90' lang='lat' dir='ltr'>se</span> <span class='ocrx_word' id='word_1_63' title='bbox 889 1553 1066 1618; x_wconf 72' lang='lat' dir='ltr'>exhibebat</span> <span class='ocrx_word' id='word_1_64' title='bbox 1089 1557 1123 1616; x_wconf 91' lang='lat' dir='ltr'>et</span> <span class='ocrx_word' id='word_1_65' title='bbox 1145 1553 1260 1618; x_wconf 89' lang='lat' dir='ltr'>multis</span> <span class='ocrx_word' id='word_1_66' title='bbox 1282 1551 1403 1616; x_wconf 83' lang='lat' dir='ltr'>litteris</span> 
     </span>
     <span class='ocr_line' id='line_1_13' title="bbox 358 1655 1404 1742; baseline -0.002 -22"><span class='ocrx_word' id='word_1_67' title='bbox 358 1655 525 1720; x_wconf 89' lang='lat' dir='ltr'>abundare</span> <span class='ocrx_word' id='word_1_68' title='bbox 555 1655 736 1734; x_wconf 90' lang='lat' dir='ltr'>videbatur,</span> <span class='ocrx_word' id='word_1_69' title='bbox 763 1655 921 1720; x_wconf 86' lang='lat' dir='ltr'>facundus</span> <span class='ocrx_word' id='word_1_70' title='bbox 944 1655 1032 1720; x_wconf 91' lang='lat' dir='ltr'>enim</span> <span class='ocrx_word' id='word_1_71' title='bbox 1063 1663 1133 1720; x_wconf 90' lang='lat' dir='ltr'>erat</span> <span class='ocrx_word' id='word_1_72' title='bbox 1157 1661 1191 1722; x_wconf 90' lang='lat' dir='ltr'>ot</span> <span class='ocrx_word' id='word_1_73' title='bbox 1217 1655 1404 1742; x_wconf 83' lang='lat' dir='ltr'>eloquentia</span> 
     </span>
     <span class='ocr_line' id='line_1_14' title="bbox 359 1751 1404 1846; baseline 0 -22"><span class='ocrx_word' id='word_1_74' title='bbox 359 1757 510 1844; x_wconf 89' lang='lat' dir='ltr'>pollebat.</span> <span class='ocrx_word' id='word_1_75' title='bbox 558 1757 699 1824; x_wconf 79' lang='lat' dir='ltr'>Cerialis</span> <span class='ocrx_word' id='word_1_76' title='bbox 725 1759 824 1826; x_wconf 89' lang='lat' dir='ltr'>etiam</span> <span class='ocrx_word' id='word_1_77' title='bbox 847 1757 983 1822; x_wconf 90' lang='lat' dir='ltr'>nimium</span> <span class='ocrx_word' id='word_1_78' title='bbox 1009 1751 1125 1824; x_wconf 83' lang='lat' dir='ltr'>extitit</span> <span class='ocrx_word' id='word_1_79' title='bbox 1148 1763 1182 1824; x_wconf 92' lang='lat' dir='ltr'>ot</span> <span class='ocrx_word' id='word_1_80' title='bbox 1205 1757 1346 1846; x_wconf 86' lang='lat' dir='ltr'>dapsilis,</span> <span class='ocrx_word' id='word_1_81' title='bbox 1370 1765 1404 1826; x_wconf 92' lang='lat' dir='ltr'>et</span> 
     </span>
     <span class='ocr_line' id='line_1_15' title="bbox 359 1861 1404 1948; baseline 0.002 -24"><span class='ocrx_word' id='word_1_82' title='bbox 359 1861 516 1948; x_wconf 85' lang='lat' dir='ltr'>gloriosus</span> <span class='ocrx_word' id='word_1_83' title='bbox 533 1861 567 1926; x_wconf 91' lang='lat' dir='ltr'>in</span> <span class='ocrx_word' id='word_1_84' title='bbox 583 1883 702 1940; x_wconf 87' lang='lat' dir='ltr'>mensa,</span> <span class='ocrx_word' id='word_1_85' title='bbox 718 1863 798 1928; x_wconf 87' lang='lat' dir='ltr'>cibis</span> <span class='ocrx_word' id='word_1_86' title='bbox 815 1869 848 1926; x_wconf 93' lang='lat' dir='ltr'>et</span> <span class='ocrx_word' id='word_1_87' title='bbox 864 1861 996 1948; x_wconf 87' lang='lat' dir='ltr'>potibus</span> <span class='ocrx_word' id='word_1_88' title='bbox 1013 1861 1236 1926; x_wconf 79' lang='lat' dir='ltr'>abrmdantius</span> <span class='ocrx_word' id='word_1_89' title='bbox 1259 1861 1404 1942; x_wconf 87' lang='lat' dir='ltr'>affluens,</span> 
     </span>
     <span class='ocr_line' id='line_1_16' title="bbox 360 1963 1406 2050; baseline 0 -20"><span class='ocrx_word' id='word_1_90' title='bbox 360 1969 394 2032; x_wconf 90' lang='lat' dir='ltr'>et</span> <span class='ocrx_word' id='word_1_91' title='bbox 417 1965 535 2050; x_wconf 88' lang='lat' dir='ltr'>quibus</span> <span class='ocrx_word' id='word_1_92' title='bbox 560 1969 594 2030; x_wconf 91' lang='lat' dir='ltr'>et</span> <span class='ocrx_word' id='word_1_93' title='bbox 617 1967 747 2050; x_wconf 83' lang='lat' dir='ltr'>quando</span> <span class='ocrx_word' id='word_1_94' title='bbox 763 1963 895 2030; x_wconf 83' lang='lat' dir='ltr'>volebat</span> <span class='ocrx_word' id='word_1_95' title='bbox 918 1963 1044 2048; x_wconf 83' lang='lat' dir='ltr'>copiose</span> <span class='ocrx_word' id='word_1_96' title='bbox 1072 1971 1105 2028; x_wconf 91' lang='lat' dir='ltr'>et</span> <span class='ocrx_word' id='word_1_97' title='bbox 1132 1963 1305 2030; x_wconf 90' lang='lat' dir='ltr'>honorifice</span> <span class='ocrx_word' id='word_1_98' title='bbox 1336 1967 1406 2030; x_wconf 87' lang='lat' dir='ltr'>haec</span> 
     </span>
     <span class='ocr_line' id='line_1_17' title="bbox 359 2057 1407 2152; baseline 0.002 -22"><span class='ocrx_word' id='word_1_99' title='bbox 359 2057 567 2152; x_wconf 72' lang='lat' dir='ltr'>largiebatur,</span> <span class='ocrx_word' id='word_1_100' title='bbox 589 2089 657 2132; x_wconf 91' lang='lat' dir='ltr'>non</span> <span class='ocrx_word' id='word_1_101' title='bbox 679 2077 719 2132; x_wconf 90' lang='lat' dir='ltr'>ut</span> <span class='ocrx_word' id='word_1_102' title='bbox 743 2067 868 2132; x_wconf 80' lang='lat' dir='ltr'>Christi</span> <span class='ocrx_word' id='word_1_103' title='bbox 897 2065 1045 2144; x_wconf 88' lang='lat' dir='ltr'>militem,</span> <span class='ocrx_word' id='word_1_104' title='bbox 1077 2073 1116 2130; x_wconf 91' lang='lat' dir='ltr'>ut</span> <span class='ocrx_word' id='word_1_105' title='bbox 1147 2067 1261 2132; x_wconf 88' lang='lat' dir='ltr'>heatus</span> <span class='ocrx_word' id='word_1_106' title='bbox 1293 2067 1407 2132; x_wconf 84' lang='lat' dir='ltr'>Sebas-</span> 
     </span>
     <span class='ocr_line' id='line_1_18' title="bbox 361 2169 1407 2246; baseline 0 -12"><span class='ocrx_word' id='word_1_107' title='bbox 361 2169 478 2246; x_wconf 88' lang='lat' dir='ltr'>tianus,</span> <span class='ocrx_word' id='word_1_108' title='bbox 512 2171 567 2234; x_wconf 86' lang='lat' dir='ltr'>sed</span> <span class='ocrx_word' id='word_1_109' title='bbox 591 2177 629 2234; x_wconf 90' lang='lat' dir='ltr'>ut</span> <span class='ocrx_word' id='word_1_110' title='bbox 660 2171 924 2236; x_wconf 81' lang='lat' dir='ltr'>exordinationes</span> <span class='ocrx_word' id='word_1_111' title='bbox 951 2191 1025 2234; x_wconf 86' lang='lat' dir='ltr'>suas</span> <span class='ocrx_word' id='word_1_112' title='bbox 1049 2169 1110 2234; x_wconf 90' lang='lat' dir='ltr'>sub</span> <span class='ocrx_word' id='word_1_113' title='bbox 1136 2169 1290 2236; x_wconf 87' lang='lat' dir='ltr'>absconso</span> <span class='ocrx_word' id='word_1_114' title='bbox 1321 2169 1407 2236; x_wconf 59' lang='lat' dir='ltr'>clrlau</span> 
     </span>
     <span class='ocr_line' id='line_1_19' title="bbox 361 2263 1409 2360; baseline 0 -24"><span class='ocrx_word' id='word_1_115' title='bbox 361 2273 460 2358; x_wconf 88' lang='lat' dir='ltr'>myde</span> <span class='ocrx_word' id='word_1_116' title='bbox 472 2269 619 2358; x_wconf 88' lang='lat' dir='ltr'>tegeret¹</span> <span class='ocrx_word' id='word_1_117' title='bbox 649 2271 731 2336; x_wconf 87' lang='lat' dir='ltr'>Erat</span> <span class='ocrx_word' id='word_1_118' title='bbox 746 2273 833 2338; x_wconf 90' lang='lat' dir='ltr'>enim</span> <span class='ocrx_word' id='word_1_119' title='bbox 849 2273 1037 2360; x_wconf 84' lang='lat' dir='ltr'>vinolentus</span> <span class='ocrx_word' id='word_1_120' title='bbox 1052 2277 1086 2336; x_wconf 92' lang='lat' dir='ltr'>et</span> <span class='ocrx_word' id='word_1_121' title='bbox 1100 2263 1287 2336; x_wconf 81' lang='lat' dir='ltr'>luxuriosus</span> <span class='ocrx_word' id='word_1_122' title='bbox 1310 2295 1409 2358; x_wconf 88' lang='lat' dir='ltr'>super</span> 
     </span>
     <span class='ocr_line' id='line_1_20' title="bbox 363 2375 1409 2462; baseline 0 -22"><span class='ocrx_word' id='word_1_123' title='bbox 363 2397 474 2440; x_wconf 89' lang='lat' dir='ltr'>omnes</span> <span class='ocrx_word' id='word_1_124' title='bbox 488 2375 662 2440; x_wconf 86' lang='lat' dir='ltr'>monachos</span> <span class='ocrx_word' id='word_1_125' title='bbox 678 2375 885 2462; x_wconf 85' lang='lat' dir='ltr'>Anglioanos,</span> <span class='ocrx_word' id='word_1_126' title='bbox 910 2375 1060 2462; x_wconf 86' lang='lat' dir='ltr'>quamvis</span> <span class='ocrx_word' id='word_1_127' title='bbox 1075 2397 1108 2440; x_wconf 85' lang='lat' dir='ltr'>se</span> <span class='ocrx_word' id='word_1_128' title='bbox 1131 2375 1327 2440; x_wconf 89' lang='lat' dir='ltr'>monachum</span> <span class='ocrx_word' id='word_1_129' title='bbox 1341 2397 1409 2440; x_wconf 90' lang='lat' dir='ltr'>non</span> 
     </span>
     <span class='ocr_line' id='line_1_21' title="bbox 363 2477 1409 2564; baseline 0 -20"><span class='ocrx_word' id='word_1_130' title='bbox 363 2479 580 2556; x_wconf 88' lang='lat' dir='ltr'>confiteretur,</span> <span class='ocrx_word' id='word_1_131' title='bbox 591 2483 624 2542; x_wconf 92' lang='lat' dir='ltr'>et</span> <span class='ocrx_word' id='word_1_132' title='bbox 637 2477 814 2564; x_wconf 79' lang='lat' dir='ltr'>simplicem</span> <span class='ocrx_word' id='word_1_133' title='bbox 830 2479 1077 2544; x_wconf 82' lang='lat' dir='ltr'>fornicationem</span> <span class='ocrx_word' id='word_1_134' title='bbox 1089 2477 1226 2544; x_wconf 85' lang='lat' dir='ltr'>mortale</span> <span class='ocrx_word' id='word_1_135' title='bbox 1241 2483 1409 2564; x_wconf 89' lang='lat' dir='ltr'>peccatum</span> 
     </span>
    </p>
   </div>
   <div class='ocr_carea' id='block_1_6' title="bbox 363 2581 1412 2668">
    <p class='ocr_par' dir='ltr' id='par_1_6' title="bbox 363 2581 1412 2668">
     <span class='ocr_line' id='line_1_22' title="bbox 363 2581 1412 2668; baseline 0 -22"><span class='ocrx_word' id='word_1_136' title='bbox 363 2603 515 2646; x_wconf 89' lang='lat' dir='ltr'>essenon</span> <span class='ocrx_word' id='word_1_137' title='bbox 539 2583 735 2660; x_wconf 88' lang='lat' dir='ltr'>concederet,</span> <span class='ocrx_word' id='word_1_138' title='bbox 761 2587 793 2648; x_wconf 91' lang='lat' dir='ltr'>et</span> <span class='ocrx_word' id='word_1_139' title='bbox 816 2603 874 2668; x_wconf 91' lang='lat' dir='ltr'>per</span> <span class='ocrx_word' id='word_1_140' title='bbox 896 2583 957 2648; x_wconf 90' lang='lat' dir='ltr'>hoc</span> <span class='ocrx_word' id='word_1_141' title='bbox 983 2583 1134 2648; x_wconf 86' lang='lat' dir='ltr'>mulieres</span> <span class='ocrx_word' id='word_1_142' title='bbox 1157 2581 1332 2660; x_wconf 85' lang='lat' dir='ltr'>seduceret,</span> <span class='ocrx_word' id='word_1_143' title='bbox 1347 2583 1412 2648; x_wconf 86' lang='lat' dir='ltr'>nisi</span> 
     </span>
    </p>
   </div>
   <div class='ocr_carea' id='block_1_7' title="bbox 317 3327 322 3386">
    <p class='ocr_par' dir='ltr' id='par_1_7' title="bbox 317 3327 322 3386">
     <span class='ocr_line' id='line_1_23' title="bbox 317 3327 322 3386; baseline 0 -44"><span class='ocrx_word' id='word_1_144' title='bbox 317 3327 322 3386; x_wconf 61' lang='lat' dir='ltr'>n</span> 
     </span>
    </p>
   </div>
   <div class='ocr_carea' id='block_1_8' title="bbox 318 3411 334 3444">
    <p class='ocr_par' dir='ltr' id='par_1_8' title="bbox 318 3411 334 3444">
     <span class='ocr_line' id='line_1_24' title="bbox 318 3411 334 3444; baseline 0 -2"><span class='ocrx_word' id='word_1_145' title='bbox 318 3411 334 3444; x_wconf 65' lang='lat' dir='ltr'>h„</span> 
     </span>
    </p>
   </div>
   <div class='ocr_carea' id='block_1_9' title="bbox 203 3623 340 3674">
    <p class='ocr_par' dir='ltr' id='par_1_9' title="bbox 203 3623 340 3674">
     <span class='ocr_line' id='line_1_25' title="bbox 203 3623 340 3674; baseline 0 0"><span class='ocrx_word' id='word_1_146' title='bbox 203 3623 252 3674; x_wconf 90' lang='lat' dir='ltr'>His</span> <span class='ocrx_word' id='word_1_147' title='bbox 263 3623 340 3674; x_wconf 89' lang='lat' dir='ltr'>viola·</span> 
     </span>
    </p>
   </div>
   <div class='ocr_carea' id='block_1_10' title="bbox 144 3691 298 3742">
    <p class='ocr_par' dir='ltr' id='par_1_10' title="bbox 144 3691 298 3742">
     <span class='ocr_line' id='line_1_26' title="bbox 144 3691 298 3742; baseline 0 -2"><span class='ocrx_word' id='word_1_148' title='bbox 144 3707 155 3714; x_wconf 68' lang='grc'>·’</span> <span class='ocrx_word' id='word_1_149' title='bbox 203 3693 256 3742; x_wconf 88' lang='lat' dir='ltr'>tion</span> <span class='ocrx_word' id='word_1_150' title='bbox 268 3691 298 3740; x_wconf 87' lang='lat' dir='ltr'>of</span> 
     </span>
    </p>
   </div>
   <div class='ocr_carea' id='block_1_11' title="bbox 203 3757 324 3874">
    <p class='ocr_par' dir='ltr' id='par_1_11' title="bbox 203 3757 324 3874">
     <span class='ocr_line' id='line_1_27' title="bbox 203 3757 324 3808; baseline 0 -2"><span class='ocrx_word' id='word_1_151' title='bbox 203 3757 324 3808; x_wconf 81' lang='lat' dir='ltr'>monastic</span> 
     </span>
     <span class='ocr_line' id='line_1_28' title="bbox 204 3825 276 3874; baseline 0 0"><span class='ocrx_word' id='word_1_152' title='bbox 204 3825 276 3874; x_wconf 87' lang='lat' dir='ltr'>rules.</span> 
     </span>
    </p>
   </div>
   <div class='ocr_carea' id='block_1_12' title="bbox 363 2683 1412 2976">
    <p class='ocr_par' dir='ltr' id='par_1_12' title="bbox 363 2683 1412 2976">
     <span class='ocr_line' id='line_1_29' title="bbox 363 2683 1411 2770; baseline 0.002 -22"><span class='ocrx_word' id='word_1_153' title='bbox 363 2685 502 2750; x_wconf 88' lang='lat' dir='ltr'>incestui</span> <span class='ocrx_word' id='word_1_154' title='bbox 526 2683 579 2748; x_wconf 91' lang='lat' dir='ltr'>vel</span> <span class='ocrx_word' id='word_1_155' title='bbox 603 2685 763 2748; x_wconf 79' lang='lat' dir='ltr'>adulterio</span> <span class='ocrx_word' id='word_1_156' title='bbox 776 2685 988 2768; x_wconf 69' lang='lat' dir='ltr'>jungeretur,</span> <span class='ocrx_word' id='word_1_157' title='bbox 1014 2685 1163 2770; x_wconf 83' lang='lat' dir='ltr'>quamvis</span> <span class='ocrx_word' id='word_1_158' title='bbox 1189 2685 1257 2768; x_wconf 91' lang='lat' dir='ltr'>ipse</span> <span class='ocrx_word' id='word_1_159' title='bbox 1280 2707 1338 2748; x_wconf 89' lang='lat' dir='ltr'>nec</span> <span class='ocrx_word' id='word_1_160' title='bbox 1361 2687 1411 2750; x_wconf 91' lang='lat' dir='ltr'>his</span> 
     </span>
     <span class='ocr_line' id='line_1_30' title="bbox 365 2777 1412 2872; baseline 0.002 -22"><span class='ocrx_word' id='word_1_161' title='bbox 365 2807 425 2852; x_wconf 91' lang='lat' dir='ltr'>nec</span> <span class='ocrx_word' id='word_1_162' title='bbox 447 2785 514 2850; x_wconf 87' lang='lat' dir='ltr'>illis</span> <span class='ocrx_word' id='word_1_163' title='bbox 536 2791 691 2872; x_wconf 82' lang='lat' dir='ltr'>parceret,</span> <span class='ocrx_word' id='word_1_164' title='bbox 718 2789 758 2848; x_wconf 90' lang='lat' dir='ltr'>ut</span> <span class='ocrx_word' id='word_1_165' title='bbox 782 2779 960 2852; x_wconf 90' lang='lat' dir='ltr'>dicebatur.</span> <span class='ocrx_word' id='word_1_166' title='bbox 987 2777 988 2780; x_wconf 28' lang='lat'>¹</span> <span class='ocrx_word' id='word_1_167' title='bbox 1008 2785 1053 2850; x_wconf 86' lang='lat' dir='ltr'>Et</span> <span class='ocrx_word' id='word_1_168' title='bbox 1076 2807 1134 2850; x_wconf 93' lang='lat' dir='ltr'>nos</span> <span class='ocrx_word' id='word_1_169' title='bbox 1160 2807 1201 2850; x_wconf 84' lang='lat' dir='ltr'>ex</span> <span class='ocrx_word' id='word_1_170' title='bbox 1224 2793 1317 2872; x_wconf 90' lang='lat' dir='ltr'>parte</span> <span class='ocrx_word' id='word_1_171' title='bbox 1343 2787 1412 2852; x_wconf 80' lang='lat' dir='ltr'>hae</span> 
     </span>
     <span class='ocr_line' id='line_1_31' title="bbox 365 2887 1412 2976; baseline 0.002 -24"><span class='ocrx_word' id='word_1_172' title='bbox 365 2901 444 2954; x_wconf 88' lang='lat' dir='ltr'>vera</span> <span class='ocrx_word' id='word_1_173' title='bbox 467 2911 534 2956; x_wconf 89' lang='lat' dir='ltr'>esse</span> <span class='ocrx_word' id='word_1_174' title='bbox 557 2887 786 2974; x_wconf 82' lang='lat' dir='ltr'>cognoscimus,</span> <span class='ocrx_word' id='word_1_175' title='bbox 811 2891 935 2974; x_wconf 88' lang='lat' dir='ltr'>stylum</span> <span class='ocrx_word' id='word_1_176' title='bbox 957 2895 1069 2954; x_wconf 75' lang='lat' dir='ltr'>tantan</span> <span class='ocrx_word' id='word_1_177' title='bbox 1091 2897 1317 2976; x_wconf 88' lang='lat' dir='ltr'>temperamus,</span> <span class='ocrx_word' id='word_1_178' title='bbox 1342 2889 1412 2954; x_wconf 89' lang='lat' dir='ltr'>Deo</span> 
     </span>
    </p>
   </div>
   <div class='ocr_carea' id='block_1_13' title="bbox 354 2991 1413 3078">
    <p class='ocr_par' dir='ltr' id='par_1_13' title="bbox 354 2991 1413 3078">
     <span class='ocr_line' id='line_1_32' title="bbox 354 2991 1413 3078; baseline -0.006 -16"><span class='ocrx_word' id='word_1_179' title='bbox 354 2997 459 3072; x_wconf 80' lang='lat' dir='ltr'>teste,</span> <span class='ocrx_word' id='word_1_180' title='bbox 476 2999 606 3078; x_wconf 90' lang='lat' dir='ltr'>propter</span> <span class='ocrx_word' id='word_1_181' title='bbox 622 2991 747 3056; x_wconf 90' lang='lat' dir='ltr'>ordinis</span> <span class='ocrx_word' id='word_1_182' title='bbox 771 2993 992 3058; x_wconf 88' lang='lat' dir='ltr'>reverentiam.</span> <span class='ocrx_word' id='word_1_183' title='bbox 1040 2993 1084 3056; x_wconf 85' lang='lat' dir='ltr'>Et</span> <span class='ocrx_word' id='word_1_184' title='bbox 1109 3015 1208 3078; x_wconf 89' lang='lat' dir='ltr'>quum</span> <span class='ocrx_word' id='word_1_185' title='bbox 1230 2993 1307 3058; x_wconf 89' lang='lat' dir='ltr'>talis</span> <span class='ocrx_word' id='word_1_186' title='bbox 1331 2999 1413 3058; x_wconf 89' lang='lat' dir='ltr'>esset</span> 
     </span>
    </p>
   </div>
   <div class='ocr_carea' id='block_1_14' title="bbox 366 3089 1416 3594">
    <p class='ocr_par' dir='ltr' id='par_1_14' title="bbox 366 3089 1416 3594">
     <span class='ocr_line' id='line_1_33' title="bbox 366 3089 1413 3182; baseline 0.002 -22"><span class='ocrx_word' id='word_1_187' title='bbox 366 3101 441 3182; x_wconf 93' lang='lat' dir='ltr'>post</span> <span class='ocrx_word' id='word_1_188' title='bbox 471 3111 588 3182; x_wconf 88' lang='lat' dir='ltr'>paucos</span> <span class='ocrx_word' id='word_1_189' title='bbox 611 3115 713 3160; x_wconf 87' lang='lat' dir='ltr'>annos</span> <span class='ocrx_word' id='word_1_190' title='bbox 737 3101 910 3182; x_wconf 87' lang='lat' dir='ltr'>postquam</span> <span class='ocrx_word' id='word_1_191' title='bbox 934 3097 998 3162; x_wconf 90' lang='lat' dir='ltr'>huc</span> <span class='ocrx_word' id='word_1_192' title='bbox 1024 3101 1167 3174; x_wconf 89' lang='lat' dir='ltr'>venerat,</span> <span class='ocrx_word' id='word_1_193' title='bbox 1193 3089 1317 3182; x_wconf 51' lang='lat' dir='ltr'>quibus¹</span> <span class='ocrx_word' id='word_1_194' title='bbox 1334 3097 1413 3162; x_wconf 85' lang='lat' dir='ltr'>satia</span> 
     </span>
     <span class='ocr_line' id='line_1_34' title="bbox 368 3197 1415 3288; baseline 0.004 -28"><span class='ocrx_word' id='word_1_195' title='bbox 368 3199 512 3264; x_wconf 87' lang='lat' dir='ltr'>modeste</span> <span class='ocrx_word' id='word_1_196' title='bbox 535 3221 612 3286; x_wconf 87' lang='lat' dir='ltr'>erga</span> <span class='ocrx_word' id='word_1_197' title='bbox 635 3205 833 3266; x_wconf 88' lang='lat' dir='ltr'>conventum</span> <span class='ocrx_word' id='word_1_198' title='bbox 857 3221 890 3264; x_wconf 89' lang='lat' dir='ltr'>se</span> <span class='ocrx_word' id='word_1_199' title='bbox 914 3197 1065 3278; x_wconf 88' lang='lat' dir='ltr'>habebat,</span> <span class='ocrx_word' id='word_1_200' title='bbox 1088 3201 1122 3264; x_wconf 91' lang='lat' dir='ltr'>in</span> <span class='ocrx_word' id='word_1_201' title='bbox 1147 3203 1277 3264; x_wconf 87' lang='lat' dir='ltr'>tantam</span> <span class='ocrx_word' id='word_1_202' title='bbox 1304 3221 1415 3288; x_wconf 86' lang='lat' dir='ltr'>super·</span> 
     </span>
     <span class='ocr_line' id='line_1_35' title="bbox 367 3293 1415 3390; baseline 0 -24"><span class='ocrx_word' id='word_1_203' title='bbox 367 3293 576 3368; x_wconf 38' lang='lat' dir='ltr'>biam&#39;elatus</span> <span class='ocrx_word' id='word_1_204' title='bbox 593 3309 643 3368; x_wconf 89' lang='lat' dir='ltr'>est</span> <span class='ocrx_word' id='word_1_205' title='bbox 665 3307 705 3368; x_wconf 90' lang='lat' dir='ltr'>ut</span> <span class='ocrx_word' id='word_1_206' title='bbox 728 3301 818 3390; x_wconf 85' lang='lat' dir='ltr'>quasi</span> <span class='ocrx_word' id='word_1_207' title='bbox 834 3323 893 3390; x_wconf 89' lang='lat' dir='ltr'>pro</span> <span class='ocrx_word' id='word_1_208' title='bbox 916 3293 1030 3368; x_wconf 86' lang='lat' dir='ltr'>multis</span> <span class='ocrx_word' id='word_1_209' title='bbox 1052 3303 1176 3368; x_wconf 89' lang='lat' dir='ltr'>litteris</span> <span class='ocrx_word' id='word_1_210' title='bbox 1198 3303 1265 3368; x_wconf 87' lang='lat' dir='ltr'>suis</span> <span class='ocrx_word' id='word_1_211' title='bbox 1288 3309 1321 3368; x_wconf 94' lang='lat' dir='ltr'>et</span> <span class='ocrx_word' id='word_1_212' title='bbox 1337 3303 1415 3388; x_wconf 82' lang='lat' dir='ltr'>dap-</span> 
     </span>
     <span class='ocr_line' id='line_1_36' title="bbox 368 3405 1416 3492; baseline 0 -22"><span class='ocrx_word' id='word_1_213' title='bbox 368 3405 490 3472; x_wconf 89' lang='lat' dir='ltr'>silitate</span> <span class='ocrx_word' id='word_1_214' title='bbox 515 3429 573 3472; x_wconf 87' lang='lat' dir='ltr'>sua</span> <span class='ocrx_word' id='word_1_215' title='bbox 597 3407 768 3474; x_wconf 89' lang='lat' dir='ltr'>videretur</span> <span class='ocrx_word' id='word_1_216' title='bbox 794 3407 946 3484; x_wconf 87' lang='lat' dir='ltr'>insanire,</span> <span class='ocrx_word' id='word_1_217' title='bbox 970 3413 1003 3472; x_wconf 94' lang='lat' dir='ltr'>et</span> <span class='ocrx_word' id='word_1_218' title='bbox 1029 3407 1201 3482; x_wconf 85' lang='lat' dir='ltr'>ecclesiam,</span> <span class='ocrx_word' id='word_1_219' title='bbox 1226 3405 1416 3492; x_wconf 80' lang='lat' dir='ltr'>capitulum,</span> 
     </span>
     <span class='ocr_line' id='line_1_37' title="bbox 370 3509 1416 3594; baseline -0.002 -20"><span class='ocrx_word' id='word_1_220' title='bbox 370 3511 547 3574; x_wconf 88' lang='lat' dir='ltr'>claustrum</span> <span class='ocrx_word' id='word_1_221' title='bbox 572 3513 605 3572; x_wconf 92' lang='lat' dir='ltr'>et</span> <span class='ocrx_word' id='word_1_222' title='bbox 629 3509 845 3590; x_wconf 82' lang='lat' dir='ltr'>relectorium,</span> <span class='ocrx_word' id='word_1_223' title='bbox 861 3509 927 3574; x_wconf 82' lang='lat' dir='ltr'>iere</span> <span class='ocrx_word' id='word_1_224' title='bbox 952 3509 1085 3594; x_wconf 89' lang='lat' dir='ltr'>penitus</span> <span class='ocrx_word' id='word_1_225' title='bbox 1097 3531 1182 3574; x_wconf 59' lang='lat' dir='ltr'>‘oum</span> <span class='ocrx_word' id='word_1_226' title='bbox 1198 3521 1275 3572; x_wconf 90' lang='lat' dir='ltr'>cura</span> <span class='ocrx_word' id='word_1_227' title='bbox 1292 3509 1416 3572; x_wconf 84' lang='lat' dir='ltr'>anima-</span> 
     </span>
    </p>
   </div>
   <div class='ocr_carea' id='block_1_15' title="bbox 366 3609 1416 3696">
    <p class='ocr_par' dir='ltr' id='par_1_15' title="bbox 366 3609 1416 3696">
     <span class='ocr_line' id='line_1_38' title="bbox 366 3609 1416 3696; baseline 0 -22"><span class='ocrx_word' id='word_1_228' title='bbox 366 3635 441 3674; x_wconf 89' lang='lat' dir='ltr'>rum</span> <span class='ocrx_word' id='word_1_229' title='bbox 465 3617 498 3676; x_wconf 91' lang='lat' dir='ltr'>et</span> <span class='ocrx_word' id='word_1_230' title='bbox 526 3611 734 3676; x_wconf 88' lang='lat' dir='ltr'>observantia</span> <span class='ocrx_word' id='word_1_231' title='bbox 757 3611 879 3676; x_wconf 91' lang='lat' dir='ltr'>ordinis</span> <span class='ocrx_word' id='word_1_232' title='bbox 910 3611 1038 3696; x_wconf 85' lang='lat' dir='ltr'>abjecit.</span> <span class='ocrx_word' id='word_1_233' title='bbox 1091 3611 1153 3676; x_wconf 90' lang='lat' dir='ltr'>Per</span> <span class='ocrx_word' id='word_1_234' title='bbox 1180 3611 1300 3676; x_wconf 87' lang='lat' dir='ltr'>multos</span> <span class='ocrx_word' id='word_1_235' title='bbox 1330 3609 1416 3674; x_wconf 88' lang='lat' dir='ltr'>enim</span> 
     </span>
    </p>
   </div>
   <div class='ocr_carea' id='block_1_16' title="bbox 371 3713 1423 4410">
    <p class='ocr_par' dir='ltr' id='par_1_16' title="bbox 371 3713 1423 4410">
     <span class='ocr_line' id='line_1_39' title="bbox 371 3713 1417 3800; baseline -0.002 -22"><span class='ocrx_word' id='word_1_236' title='bbox 371 3737 474 3790; x_wconf 85' lang='lat' dir='ltr'>annos</span> <span class='ocrx_word' id='word_1_237' title='bbox 497 3719 573 3778; x_wconf 89' lang='lat' dir='ltr'>ante</span> <span class='ocrx_word' id='word_1_238' title='bbox 589 3713 823 3800; x_wconf 92' lang='lat' dir='ltr'>depositionem</span> <span class='ocrx_word' id='word_1_239' title='bbox 848 3737 938 3778; x_wconf 90' lang='lat' dir='ltr'>suam</span> <span class='ocrx_word' id='word_1_240' title='bbox 962 3719 1085 3798; x_wconf 89' lang='lat' dir='ltr'>septem</span> <span class='ocrx_word' id='word_1_241' title='bbox 1101 3715 1153 3778; x_wconf 90' lang='lat' dir='ltr'>vel</span> <span class='ocrx_word' id='word_1_242' title='bbox 1170 3715 1309 3798; x_wconf 88' lang='lat' dir='ltr'>amplius</span> <span class='ocrx_word' id='word_1_243' title='bbox 1333 3713 1417 3798; x_wconf 58' lang='lat' dir='ltr'>capia</span> 
     </span>
     <span class='ocr_line' id='line_1_40' title="bbox 371 3815 1419 3896; baseline 0 -16"><span class='ocrx_word' id='word_1_244' title='bbox 371 3817 480 3880; x_wconf 89' lang='lat' dir='ltr'>tulum</span> <span class='ocrx_word' id='word_1_245' title='bbox 494 3839 562 3880; x_wconf 89' lang='lat' dir='ltr'>non</span> <span class='ocrx_word' id='word_1_246' title='bbox 584 3815 702 3896; x_wconf 86' lang='lat' dir='ltr'>tenuit,</span> <span class='ocrx_word' id='word_1_247' title='bbox 719 3815 756 3878; x_wconf 90' lang='lat' dir='ltr'>in</span> <span class='ocrx_word' id='word_1_248' title='bbox 770 3815 939 3880; x_wconf 86' lang='lat' dir='ltr'>refectorio</span> <span class='ocrx_word' id='word_1_249' title='bbox 964 3837 1032 3894; x_wconf 84' lang='lat' dir='ltr'>non</span> <span class='ocrx_word' id='word_1_250' title='bbox 1047 3815 1197 3896; x_wconf 85' lang='lat' dir='ltr'>comedit,</span> <span class='ocrx_word' id='word_1_251' title='bbox 1214 3815 1251 3878; x_wconf 93' lang='lat' dir='ltr'>in</span> <span class='ocrx_word' id='word_1_252' title='bbox 1278 3815 1419 3880; x_wconf 87' lang='lat' dir='ltr'>claustro</span> 
     </span>
     <span class='ocr_line' id='line_1_41' title="bbox 373 3917 1419 4004; baseline 0 -24"><span class='ocrx_word' id='word_1_253' title='bbox 373 3941 447 3982; x_wconf 87' lang='lat' dir='ltr'>cum</span> <span class='ocrx_word' id='word_1_254' title='bbox 468 3917 625 3984; x_wconf 82' lang='lat' dir='ltr'>iratribus</span> <span class='ocrx_word' id='word_1_255' title='bbox 641 3939 709 3980; x_wconf 89' lang='lat' dir='ltr'>non</span> <span class='ocrx_word' id='word_1_256' title='bbox 731 3919 825 4004; x_wconf 85' lang='lat' dir='ltr'>sedit,</span> <span class='ocrx_word' id='word_1_257' title='bbox 842 3917 1008 3982; x_wconf 87' lang='lat' dir='ltr'>ecclesiam</span> <span class='ocrx_word' id='word_1_258' title='bbox 1024 3939 1098 3980; x_wconf 90' lang='lat' dir='ltr'>raro</span> <span class='ocrx_word' id='word_1_259' title='bbox 1114 3917 1276 3994; x_wconf 85' lang='lat' dir='ltr'>introivit,</span> <span class='ocrx_word' id='word_1_260' title='bbox 1301 3921 1419 3980; x_wconf 89' lang='lat' dir='ltr'>ettam</span> 
     </span>
     <span class='ocr_line' id='line_1_42' title="bbox 373 4017 1420 4106; baseline 0 -24"><span class='ocrx_word' id='word_1_261' title='bbox 373 4019 410 4082; x_wconf 90' lang='lat' dir='ltr'>in</span> <span class='ocrx_word' id='word_1_262' title='bbox 433 4019 599 4084; x_wconf 88' lang='lat' dir='ltr'>ecclesiam</span> <span class='ocrx_word' id='word_1_263' title='bbox 615 4017 915 4104; x_wconf 72' lang='lat' dir='ltr'>quamclausaum</span> <span class='ocrx_word' id='word_1_264' title='bbox 933 4017 1113 4104; x_wconf 88' lang='lat' dir='ltr'>capitulum</span> <span class='ocrx_word' id='word_1_265' title='bbox 1138 4023 1293 4106; x_wconf 85' lang='lat' dir='ltr'>cappatus</span> <span class='ocrx_word' id='word_1_266' title='bbox 1308 4019 1420 4082; x_wconf 86' lang='lat' dir='ltr'>venire</span> 
     </span>
     <span class='ocr_line' id='line_1_43' title="bbox 375 4109 1420 4198; baseline 0 -14"><span class='ocrx_word' id='word_1_267' title='bbox 375 4123 552 4198; x_wconf 90' lang='lat' dir='ltr'>consuevit,</span> <span class='ocrx_word' id='word_1_268' title='bbox 576 4127 610 4186; x_wconf 90' lang='lat' dir='ltr'>et</span> <span class='ocrx_word' id='word_1_269' title='bbox 641 4121 782 4184; x_wconf 86' lang='lat' dir='ltr'>canrisiis</span> <span class='ocrx_word' id='word_1_270' title='bbox 806 4109 839 4186; x_wconf 81' lang='lat' dir='ltr'>et</span> <span class='ocrx_word' id='word_1_271' title='bbox 861 4121 1139 4198; x_wconf 85' lang='lat' dir='ltr'>lintheaminibus,</span> <span class='ocrx_word' id='word_1_272' title='bbox 1163 4125 1202 4184; x_wconf 90' lang='lat' dir='ltr'>ut</span> <span class='ocrx_word' id='word_1_273' title='bbox 1232 4121 1272 4186; x_wconf 90' lang='lat' dir='ltr'>de</span> <span class='ocrx_word' id='word_1_274' title='bbox 1296 4121 1420 4188; x_wconf 83' lang='lat' dir='ltr'>caeteris</span> 
     </span>
     <span class='ocr_line' id='line_1_44' title="bbox 376 4223 1423 4308; baseline -0.001 -20"><span class='ocrx_word' id='word_1_275' title='bbox 376 4223 676 4290; x_wconf 84' lang='lat' dir='ltr'>exordinationibus</span> <span class='ocrx_word' id='word_1_276' title='bbox 700 4223 785 4288; x_wconf 87' lang='lat' dir='ltr'>circa</span> <span class='ocrx_word' id='word_1_277' title='bbox 806 4223 1005 4288; x_wconf 87' lang='lat' dir='ltr'>vestimenta</span> <span class='ocrx_word' id='word_1_278' title='bbox 1028 4227 1202 4302; x_wconf 83' lang='lat' dir='ltr'>taceamus,</span> <span class='ocrx_word' id='word_1_279' title='bbox 1227 4223 1335 4308; x_wconf 87' lang='lat' dir='ltr'>palam</span> <span class='ocrx_word' id='word_1_280' title='bbox 1352 4229 1423 4288; x_wconf 90' lang='lat' dir='ltr'>ute·</span> 
     </span>
     <span class='ocr_line' id='line_1_45' title="bbox 376 4323 1422 4410; baseline 0 -22"><span class='ocrx_word' id='word_1_281' title='bbox 376 4323 481 4390; x_wconf 88' lang='lat' dir='ltr'>batur.</span> <span class='ocrx_word' id='word_1_282' title='bbox 512 4325 689 4390; x_wconf 88' lang='lat' dir='ltr'>Monachos</span> <span class='ocrx_word' id='word_1_283' title='bbox 713 4325 812 4388; x_wconf 88' lang='lat' dir='ltr'>etiam</span> <span class='ocrx_word' id='word_1_284' title='bbox 827 4331 922 4388; x_wconf 90' lang='lat' dir='ltr'>tanto</span> <span class='ocrx_word' id='word_1_285' title='bbox 947 4325 1151 4410; x_wconf 90' lang='lat' dir='ltr'>contemptui</span> <span class='ocrx_word' id='word_1_286' title='bbox 1174 4323 1291 4388; x_wconf 89' lang='lat' dir='ltr'>babere</span> <span class='ocrx_word' id='word_1_287' title='bbox 1314 4325 1422 4410; x_wconf 91' lang='lat' dir='ltr'>coepit,</span> 
     </span>
    </p>
   </div>
   <div class='ocr_carea' id='block_1_17' title="bbox 378 4555 1424 4722">
    <p class='ocr_par' dir='ltr' id='par_1_17' title="bbox 378 4555 1424 4722">
     <span class='ocr_line' id='line_1_46' title="bbox 378 4555 1424 4640; baseline 0 -18"><span class='ocrx_word' id='word_1_288' title='bbox 378 4555 555 4640; x_wconf 63' lang='lat' dir='ltr'>Tewhesbmp,</span> <span class='ocrx_word' id='word_1_289' title='bbox 573 4571 595 4622; x_wconf 88' lang='lat' dir='ltr'>is</span> <span class='ocrx_word' id='word_1_290' title='bbox 617 4571 765 4624; x_wconf 87' lang='lat' dir='ltr'>substituted</span> <span class='ocrx_word' id='word_1_291' title='bbox 787 4571 812 4622; x_wconf 88' lang='lat' dir='ltr'>in</span> <span class='ocrx_word' id='word_1_292' title='bbox 832 4573 875 4622; x_wconf 85' lang='lat' dir='ltr'>the</span> <span class='ocrx_word' id='word_1_293' title='bbox 923 4571 1049 4626; x_wconf 83' lang='lat' dir='ltr'>“Christi</span> <span class='ocrx_word' id='word_1_294' title='bbox 1069 4573 1173 4624; x_wconf 88' lang='lat' dir='ltr'>militem</span> <span class='ocrx_word' id='word_1_295' title='bbox 1190 4575 1280 4640; x_wconf 88' lang='lat' dir='ltr'>agebat</span> <span class='ocrx_word' id='word_1_296' title='bbox 1296 4573 1424 4624; x_wconf 86' lang='lat' dir='ltr'>abscondi-</span> 
     </span>
     <span class='ocr_line' id='line_1_47' title="bbox 378 4651 1423 4722; baseline 0 -20"><span class='ocrx_word' id='word_1_297' title='bbox 378 4653 434 4702; x_wconf 87' lang='lat' dir='ltr'>MS.</span> <span class='ocrx_word' id='word_1_298' title='bbox 464 4651 502 4702; x_wconf 85' lang='lat' dir='ltr'>for</span> <span class='ocrx_word' id='word_1_299' title='bbox 522 4669 536 4702; x_wconf 90' lang='lat' dir='ltr'>a</span> <span class='ocrx_word' id='word_1_300' title='bbox 556 4655 652 4702; x_wconf 84' lang='lat' dir='ltr'>ehorter</span> <span class='ocrx_word' id='word_1_301' title='bbox 671 4667 774 4718; x_wconf 81' lang='lat' dir='ltr'>passage</span> <span class='ocrx_word' id='word_1_302' title='bbox 793 4653 876 4702; x_wconf 80' lang='lat' dir='ltr'>which</span> <span class='ocrx_word' id='word_1_303' title='bbox 923 4653 1002 4702; x_wconf 87' lang='lat' dir='ltr'>tum.&#39;&#39;</span> <span class='ocrx_word' id='word_1_304' title='bbox 1013 4653 1074 4702; x_wconf 86' lang='lat' dir='ltr'>Vita</span> <span class='ocrx_word' id='word_1_305' title='bbox 1086 4653 1111 4704; x_wconf 87' lang='lat' dir='ltr'>S.</span> <span class='ocrx_word' id='word_1_306' title='bbox 1127 4653 1273 4712; x_wconf 78' lang='lat' dir='ltr'>Sebastiam,</span> <span class='ocrx_word' id='word_1_307' title='bbox 1287 4655 1423 4722; x_wconf 76' lang='lat' dir='ltr'>aucthm-</span> 
     </span>
    </p>
   </div>
   <div class='ocr_carea' id='block_1_18' title="bbox 380 4725 1425 4878">
    <p class='ocr_par' dir='ltr' id='par_1_18' title="bbox 380 4725 1425 4878">
     <span class='ocr_line' id='line_1_48' title="bbox 380 4725 1425 4802; baseline 0 -20"><span class='ocrx_word' id='word_1_308' title='bbox 380 4733 498 4782; x_wconf 86' lang='lat' dir='ltr'>hasbeen</span> <span class='ocrx_word' id='word_1_309' title='bbox 510 4733 603 4782; x_wconf 87' lang='lat' dir='ltr'>erased.</span> <span class='ocrx_word' id='word_1_310' title='bbox 831 4769 833 4772; x_wconf 89' lang='lat'>-</span> <span class='ocrx_word' id='word_1_311' title='bbox 902 4737 905 4802; x_wconf 68' lang='lat' dir='ltr'>t</span> <span class='ocrx_word' id='word_1_312' title='bbox 923 4731 1085 4794; x_wconf 85' lang='lat' dir='ltr'>brosio,inter</span> <span class='ocrx_word' id='word_1_313' title='bbox 1105 4733 1333 4796; x_wconf 70' lang='lat' dir='ltr'>necestuosorum,</span> <span class='ocrx_word' id='word_1_314' title='bbox 1341 4735 1389 4784; x_wconf 89' lang='lat' dir='ltr'>vol.</span> <span class='ocrx_word' id='word_1_315' title='bbox 1399 4725 1425 4782; x_wconf 85' lang='lat' dir='ltr'>ii.</span> 
     </span>
     <span class='ocr_line' id='line_1_49' title="bbox 407 4805 1019 4878; baseline 0 -16"><span class='ocrx_word' id='word_1_316' title='bbox 407 4813 420 4854; x_wconf 25' lang='lat'>,¹</span> <span class='ocrx_word' id='word_1_317' title='bbox 440 4811 516 4862; x_wconf 80' lang='lat' dir='ltr'>“Sub</span> <span class='ocrx_word' id='word_1_318' title='bbox 531 4811 661 4874; x_wconf 85' lang='lat' dir='ltr'>chlamyde</span> <span class='ocrx_word' id='word_1_319' title='bbox 673 4809 764 4862; x_wconf 79' lang='lat' dir='ltr'>terreni</span> <span class='ocrx_word' id='word_1_320' title='bbox 779 4809 875 4874; x_wconf 83' lang='lat' dir='ltr'>imperii</span> <span class='ocrx_word' id='word_1_321' title='bbox 902 4805 906 4874; x_wconf 72' lang='lat' dir='ltr'>l</span> <span class='ocrx_word' id='word_1_322' title='bbox 926 4829 949 4878; x_wconf 86' lang='lat' dir='ltr'>p.</span> <span class='ocrx_word' id='word_1_323' title='bbox 963 4817 1019 4862; x_wconf 76' lang='lat'>265.</span> 
     </span>
    </p>
   </div>
   <div class='ocr_carea' id='block_1_19' title="bbox 0 0 1691 5666">
    <p class='ocr_par' dir='ltr' id='par_1_19' title="bbox 0 0 1691 5666">
     <span class='ocr_line' id='line_1_50' title="bbox 0 0 1691 5666; baseline 0 0"><span class='ocrx_word' id='word_1_324' title='bbox 0 0 1691 5666; x_wconf 95' lang='lat' dir='ltr'> </span> 
     </span>
    </p>
   </div>
  </div>
 </body>
</html>
