3300 5666
221 995 288 1046 A.D.

178 1067 330 1116 1042-1066.

338 775 381 842 ts
543 793 745 844 cneoruocu
770 795 925 844 lesina
947 795 1003 868 nn
1016 795 1187 846 nunsula.

343 985 500 1052 volutare.
563 985 674 1052 Finita
707 1007 783 1070 ergo
814 985 1002 1070 vespertina
1040 1007 1141 1072 prece,
1177 983 1310 1052 accessit
1343 985 1385 1052 ad

343 1085 437 1152 illum
460 1109 526 1172 qua
545 1109 698 1154 excreans
724 1085 854 1172 jacebat
881 1087 1031 1152 dominus
1055 1087 1209 1166 AEvicius,
1241 1109 1279 1152 ea
1303 1093 1384 1154 tem-

338 1193 469 1280 pestate
481 1191 568 1276 prior
582 1191 653 1270 loci,
677 1211 751 1254 cum
767 1189 961 1274 quibusdam
974 1189 1166 1268 senioribus,
1182 1191 1386 1276 interrogans

344 1293 423 1378 quid
444 1293 579 1358 haberet
602 1297 660 1356 aut
683 1313 740 1356 cur
774 1293 965 1378 sanguinem
997 1313 1151 1358 excreans
1182 1293 1226 1356 sic
1252 1293 1386 1376 jaceret.

346 1393 488 1480 Surgere
510 1395 622 1478 itaque
644 1395 741 1458 homo
765 1395 801 1458 in
824 1395 930 1484 medio
953 1395 1102 1472 fratrum,
1127 1393 1296 1476 oculosque
1313 1415 1386 1460 cum
1424 1429 1427 1434 ·
1473 1415 1474 1418 ¹

344 1497 495 1562 inanibus
518 1497 560 1560 ad
582 1495 690 1562 Deum
717 1499 899 1578 intendens,
924 1499 1055 1564 demum
1090 1497 1204 1582 lingua
1238 1495 1388 1576 resoluta,

333 1601 426 1682 ‘hanc
459 1601 597 1686 primam
635 1599 679 1664 ite
716 1601 813 1686 coepit
849 1621 963 1664 vocem
996 1601 1158 1664 formare:
1215 1597 1297 1664 “Sic
1334 1621 1386 1662 me

347 1701 513 1786 “adjuvet
540 1703 757 1788 Omnipotens
780 1703 870 1766 Deus
892 1725 1048 1788 meusque
1076 1703 1227 1766 dominus
1259 1707 1388 1766 sanctus
1475 1781 1479 1794 *N

345 1811 363 1840 ‘⁶'
380 1805 555 1892 Ecgu'inus
587 1829 645 1894 per
685 1805 776 1890 cujus
813 1807 969 1870 meritum
1001 1799 1038 1870 in
1078 1829 1129 1870 ine
1172 1805 1286 1870 misero
1320 1805 1386 1868 tale

345 1907 567 1972 “miraculum
607 1913 759 1994 operatus
791 1913 840 1972 est
883 1907 1041 1984 Christus,
1076 1907 1161 1972 sicut
1183 1907 1275 1972 vobis
1311 1929 1388 1972 vera

345 2019 361 2044 “
384 2011 548 2076 dixerim.''
604 2009 806 2096 Sumensque
848 2009 1042 2096 principium
1077 2009 1235 2074 orationis
1280 2009 1389 2074 omnin

345 2111 490 2176 seriatim
536 2113 660 2198 pandit,
703 2117 741 2178 ut
786 2135 884 2198 supra
926 2111 1068 2176 hebetur
1112 2111 1387 2198 comprehensum.

347 2213 420 2294 Qua
442 2213 628 2278 narratione
650 2213 754 2292 finita,
783 2213 897 2278 fratres
923 2213 1155 2290 exhilarantur,
1195 2217 1391 2278 convocatur

347 2317 445 2380 etiam
469 2315 613 2402 populus,
631 2339 686 2380 ora
701 2317 890 2380 relaxantur
912 2317 948 2380 in
971 2315 1106 2380 summis
1130 2315 1193 2378 Dei
1215 2317 1389 2392 laudibus3

347 2419 601 2504 incipientesque
647 2419 719 2482 “Te
750 2419 857 2482 Deum
872 2417 1070 2496 laudamus,'’
1087 2417 1255 2484 classicum
1271 2423 1389 2484 sonant

337 2519 483 2600 diutius,
515 2521 707 2584 extollentes
746 2519 815 2584 Dei
833 2521 990 2586 miracula
1019 2543 1117 2606 quam
1142 2525 1294 2608 poterant
1318 2521 1389 2588 dul-

307 2659 308 2662 *
350 2623 426 2704 cius,
458 2621 524 2704 Qui
547 2629 713 2720 estsuper
736 2623 846 2688 omnia
869 2625 1060 2692 benedictus
1084 2625 1181 2690 Deus.

559 2909 607 2976 De
630 2909 777 2996 paedore
800 2915 966 2974 contracto
989 2909 1182 2996 reformato.

396 3081 485 3146 Illud
523 3081 621 3146 etiarn
651 3103 719 3146 non
749 3081 881 3146 videtur
915 3083 1179 3168 praetereundum
1211 3085 1298 3166 quod
1330 3083 1390 3148 sub

351 3185 462 3250 eodem
485 3189 628 3272 tempore
658 3185 693 3250 in
723 3185 863 3268 quodam
898 3185 1028 3250 homine
1059 3185 1185 3250 cunctis
1208 3187 1297 3270 apud
1329 3185 1394 3248 Eo-

351 3285 561 3352 veslramiam¹
587 3287 753 3350 notissimo
776 3307 834 3374 per
856 3287 1082 3350 beatissimum
1105 3291 1231 3370 patrem
1246 3291 1394 3350 nostrum

353 3395 502 3454 sanctum
541 3389 714 3476 nginum
752 3387 911 3454 credimus
941 3381 1119 3474 patratum.
1181 3389 1281 3482 Erat
1306 3389 1394 3454 enim

351 3491 438 3556 idem
470 3489 651 3556 miserando
684 3491 885 3554 infirmitatis
915 3511 1029 3576 genere
1062 3489 1223 3568 detentus,
1257 3491 1314 3574 qui
1335 3511 1395 3554 nec

353 3615 481 3680 surgere
519 3593 651 3678 quidem
681 3597 808 3678 poterat
845 3593 910 3658 nisi
938 3593 1055 3658 dextra
1086 3591 1233 3678 laeuaque
1270 3591 1396 3658 baculis

353 3701 600 3776 sustentaretur,
623 3695 794 3760 ambulans
816 3715 894 3760 vero
921 3717 988 3760 uuo
1012 3695 1093 3782 pede
1121 3715 1274 3782 suspenso
1302 3695 1395 3780 quasi
1457 3751 1463 3774 ,

353 3799 453 3884 tripes
477 3797 704 3862 miserabiliter
737 3797 955 3884 gradiebatur.
1003 3783 1085 3860 'Tali
1120 3801 1231 3862 autem
1254 3797 1393 3866 infirmi·
1422 3827 1425 3832 ·

354 3903 424 3962 tate
456 3899 581 3964 diutius
611 3921 782 3986 possessus,
825 3897 914 3964 nullo
947 3917 1063 3984 genere
1097 3897 1229 3962 medelae
1267 3901 1396 3982 poterat

356 4001 484 4068 mederi.
529 4001 616 4066 Nam
653 4023 710 4088 pes
747 4001 816 4086 ejus
851 4023 924 4068 cum
954 4001 1039 4066 tibia
1070 4005 1103 4064 et
1127 4021 1206 4064 coxa
1236 3999 1273 4064 in
1302 4005 1396 4064 tanto

356 4103 463 4170 fuerat
485 4109 612 4170 tumore
635 4127 809 4170 conversus
831 4109 871 4184 ut
894 4103 987 4190 quasi
1017 4109 1202 4168 monstrum
1232 4103 1397 4190 quoddam

356 4205 422 4270 fere
445 4207 486 4272 ed
508 4207 612 4272 instar
634 4207 784 4272 humauae
808 4207 993 4270 medietatis
1016 4207 1242 4282 intumescens,
1266 4205 1398 4270 misera-

358 4307 422 4374 bile
445 4311 605 4396 praeberet
628 4309 853 4398 speclaculum.
900 4309 1044 4380 Veniens
1067 4309 1169 4396 igitur
1190 4307 1330 4394 quadam
1346 4309 1398 4374 die

359 4413 401 4476 ad
432 4411 537 4480 locum
574 4411 634 4478 ubi
671 4413 775 4478 sancti
810 4409 942 4500 ngini
969 4411 1122 4498 ,reliquiae
1157 4415 1398 4494 conservantur,

359 4515 525 4588 humiliter
540 4539 644 4590 coram
661 4517 762 4582 altare
778 4517 948 4604 suspirare,
963 4517 1083 4582 intimo
1098 4537 1140 4582 ex
1154 4517 1247 4580 corde
1262 4537 1401 4604 gemere,

621 4757 628 4788 ¹
643 4757 841 4824 Eoveclcmr'cm]
860 4757 1060 4820 Eoveshamium,
1078 4757 1134 4810 ΜΒ,
1183 4805 1186 4820 ,
