3308 5666
464 661 857 756 1111111111111111111
880 689 927 752 111
950 689 1121 776 noussen.
1258 677 1323 752 167
1424 731 1425 736 ,

278 879 296 912 -(-(
317 869 391 936 ritis
413 865 457 938 ad
480 871 561 956 quid
584 871 710 952 missus,
725 875 798 944 dico
812 875 855 948 ad
876 875 1000 952 1111111
1020 873 1188 942 videatne
1203 865 1402 956 episto-Au
1417 875 1457 938 191

276 983 293 1012 “
314 995 375 1060 pus
391 973 516 1060 aliquid
531 979 646 1044 contra
660 977 834 1064 priuilegia
846 977 990 1048 'Romani
1005 973 1174 1060 pontificis
1186 975 1322 1048 statuat,

273 1085 294 1148 .“
317 1082 351 1146 et
374 1099 416 1146 ne
451 1077 618 1148 ecclesiam
648 1079 773 1148 domini
795 1103 897 1166 papae,
923 1071 1077 1154 uidelicet
1100 1075 1323 1146 Eveshamen-
1388 1089 1389 1092 ’

243 1179 450 1260 ,1111111111
482 1181 593 1268 aliquo
626 1181 732 1252 laedat.
794 1183 839 1252 Et
862 1185 922 1252 hoc
956 1181 1027 1252 dico
1061 1181 1103 1254 ad.
1135 1177 1324 1248 similitudi-

232 1311 235 1316 *
278 1289 302 1326 a
316 1277 392 1352 nem
414 1283 504 1348 illius
527 1283 614 1368 quod
639 1283 729 1352 'idern
761 1295 847 1370 papa
871 1283 1110 1370 Constantinus
1138 1279 1322 1350 Britwaldo

275 1393 291 1424 “
316 1385 589 1456 Brittanniarum
613 1385 748 1470 primati
769 1387 806 1456 in
829 1387 946 1462 codem
966 1385 1140 1474 privilegio
1165 1381 1322 1470 praecipit,
1379 1437 1380 1440 ,

271 1495 296 1556 “
316 1495 323 1526 (
347 1487 463 1566 dicens,
491 1487 600 1572 ,ae‘rua
637 1487 854 1558 fraternitatis
876 1489 1125 1558 ¹denunciamus
1163 1491 1324 1574 quatenus

275 1595 292 1624 “
316 1597 323 1622 ‘
345 1589 493 1656 ecclesias
518 1581 582 1654 Dei
607 1613 664 1676 per
688 1589 912 1662 Brittanniam
935 1593 1108 1678 dispositas
1139 1595 1198 1656 tua
1220 1587 1323 1676 ipsius
1374 1609 1378 1622 ³

275 1699 291 1734 ‘·‘
316 1701 322 1726 ‘
346 1695 379 1756 et
428 1695 613 1760 sanctorum
662 1693 883 1778 apostolorum
921 1693 1118 1766 auctoritate
1164 1697 1323 1778 protegas,

276 1799 294 1832 “
317 1803 325 1836 ⁴
347 1817 389 1860 ne
422 1795 507 1880 'quis
553 1817 705 1880 pervasor
755 1795 987 1880 cujuscumque
1037 1793 1161 1862 ordinis
1198 1817 1218 1856 1
1253 1793 1323 1856 Dec

275 1903 291 1932 “
315 1905 323 1932 ‘
345 1899 391 1960 et⁸
410 1897 504 1964 nobie
538 1897 719 1990 constitnit
741 1897 914 1986 priuilegia
936 1893 1095 1976 subruat;
1124 1895 1213 1962 inter
1243 1915 1323 1980 quas
1376 1979 1379 1986 ,

259 2005 293 2034 ‘⁶
319 2007 326 2032 ‘
349 2021 420 2064 eam
439 2067 440 2070 ,
458 2021 531 2084 quae
569 1999 755 2084 nuperrime
783 2023 813 2068 ¹a
851 2001 1031 2068 venerabili
1059 1999 1130 2064 uiro
1169 1997 1323 2084 Eguuino

276 2109 291 2136 “
315 2109 323 2134 ‘
344 2105 458 2170 nostra
479 2105 513 2166 et
535 2099 625 2186 regia
643 2095 838 2170 auctoritate
854 2103 1037 2172 constituta
1056 2107 1107 2168 est
1122 2105 1188 2168 tuae
1205 2099 1338 2168 ostiens

266 2203 290 2236 '“
314 2211 322 2236 ‘
344 2203 507 2288 praecipue
540 2203 776 2282 submittimus,
812 2209 853 2268 ut
894 2191 959 2270 tibi
1002 2209 1036 2270 ct
1079 2201 1218 2290 posteris
1256 2201 1323 2264 tuis
1395 2193 1396 2196 '

248 2303 254 2354 J
275 2309 291 2346 “
315 2313 323 2340 ‘
346 2309 508 2390 potestate
531 2303 694 2374 divinitus
717 2327 867 2376 concessa
892 2307 935 2372 ab
959 2305 1048 2372 omni
1072 2327 1143 2370 eam
1175 2303 1325 2372 aduersa·
1439 2369 1450 2388 ,

266 2413 291 2440 ’“
315 2415 323 2440 ‘
345 2405 738 2492 riommr'impugnatione
761 2409 897 2488 liberam
920 2411 957 2478 11
971 2413 1167 2496 perpetuum
1188 2403 1325 2474 reddas?
1338 2459 1344 2464 .-

218 2557 219 2560 ,
257 2503 291 2554 ‘t‘
316 2507 426 2588 Quruu
456 2507 560 2596 igitur
592 2509 701 2594 gratia
731 2511 899 2580 vostrist
933 2511 970 2574 11
1004 2509 1176 2596 priuilegio
1213 2511 1332 2602 nostro

275 2619 293 2654 “
315 2609 446 2682 domino
475 2609 711 2680 Oantuariensi
728 2607 921 2698 praecipitur
936 2621 938 2624 ’
955 2615 995 2674 11
1016 2611 1191 2698 priuilegia
1213 2614 1326 2680 nostra
1407 2667 1408 2672 ,

219 2753 222 2766 1
273 2719 291 2756 ‘⁹
314 2717 348 2784 11
384 2711 549 2784 ecclesium
596 2707 772 2794 1111111111
789 2717 943 2806 protegat
982 2718 1014 2778 ct
1049 2711 1214 2790 defendat,
1254 2711 1326 2798 quis

275 2807 437 2886 “dixerit
459 2815 519 2886 hoc
542 2813 798 2886 abbati'nostro
813 2825 872 2900 pro
896 2815 1028 2900 propria
1052 2813 1266 2894 ecclesiates
1289 2813 1325 2878 in

212 2963 215 2968 ,
274 2925 291 2952 “
313 2915 441 3002 proprio
458 2915 631 3002 privilegio
653 2939 720 2988 non
743 2939 811 2984 esse
834 2903 1023 3034 injunctum
1036 2921 1047 2986 1
1062 2915 1205 2986 maxime
1221 2939 1324 3002 quum
1409 2917 1410 2920 ’

273 3019 493 3092 ‘absurdum
517 3023 601 3084 esset
624 3019 909 3106 archiepiscopum,
933 3019 990 3104 qui
1023 3041 1083 3086 nos
1115 3007 1203 3084 tueri
1235 3023 1325 3086 tene·
1341 3061 1342 3066 κ

275 3125 377 3200 ((1111,
400 3126 502 3216 propt
499 3143 533 3186 cr
563 3123 623 3186 hoc
656 3121 700 3188 acl
733 3123 912 3208 synodum
929 3119 1072 3218 episcopi
1095 3121 1215 3186 venire
1263 3121 1326 3188 Re-

272 3223 475 3308 “linquitur
508 3245 584 3310 ergo
617 3223 730 3294 abbati
704 3223 960 3304 tfa'ciendum
995 3223 1082 3308 quod
1116 3223 1219 3290 facere
1257 3245 1325 3290 non
1382 3261 1384 3264 ·

275 3329 422 3422 ‘potest
459 3325 726 3412 archiepiscopus,
773 3329 813 3390 ut
851 3325 1005 3390 videlicet
1054 3325 1201 3392 abbas
1192 3347 1228 3388 m
1229 3325 1326 3390 tersit

276 3435 291 3460 “
314 3409 438 3512 synodo
461 3427 601 3512 episcopi
636 3429 679 3496 ad
712 3429 888 3498 tuitionem
921 3425 1166 3512 privilegiorum
1197 3432 1325 3494 nostroe

275 3535 431 3610 ((11111,1
414 3529 531 3596 cthoc
553 3551 613 3598 auc
616 3529 733 3598 toritat
720 3529 902 3598 tedomini
923 3551 1026 3616 papae,
1041 3551 1110 3598 non
1132 3527 1244 3614 aliqua
1265 3553 1325 3598 sua
1422 3569 1424 3574 ,

276 3633 445 3718 ‘propria
473 3633 647 3704 uecessitat
649 3631 830 3712 e.Quocl
863 3637 927 3702 aut
928 3653 978 3696 cm
1016 3631 1098 3702 dicit
1136 3633 1326 3702 Alexander
1384 3645 1386 3650 ’

275 3733 402 3818 “quod
435 3657 673 3820 Wigcrnenses·
698 3735 839 3822 episcopi
878 3735 930 3810 his
964 3735 1111 3824 contenti
1149 3735 1233 3822 sint
1250 3759 1324 3822 quae

275 3835 532 3902 “antecessores
554 3841 681 3904 nostros
705 3837 961 3904 antecessoribus
984 3839 1052 3902 suis
1076 3841 1203 3902 constat
1226 3837 1324 3902 ratio*

272 3993 274 3998 t
278 3937 436 4004 “nabilit
422 3944 473 4006 ter
495 3939 690 4022 exhibuisse,
716 3961 831 4030 quum
851 3961 932 4008 1111
945 3921 1078 4008 constet
1102 3945 1320 4040 antecessores
1396 3959 1397 3962 ’

277 4045 510 4108 “nostrosan
511 4041 722 4140 teccssoribus
757 4039 981 4140 suisqliquid
1004 4043 1324 4118 raimalastum
1384 4127 1385 4130 Ἴ

277 4147 293 4176 ((
317 4143 517 4208 hibuisset
483 4148 517 4208 et
546 4143 618 4230 jam
641 4143 912 4228 productionibus
934 4145 1008 4210 test'
986 4151 1069 4212 trum
1093 4145 1137 4210 sit
1159 4143 1326 4208 renuntia·-

277 4251 397 4326 “tum,
414 4251 449 4310 et
470 4267 538 4310 non
560 4245 784 4332 probaverunt
806 4245 933 4332 aliquid
955 4247 1106 4312 fuisse
1079 4269 1125 4310 ers
1148 4245 1326 4322 1111111111-
1346 4261 1347 4264 ’

277 4353 293 4380 ((
315 4349 393 4412 liter
413 4371 434 4414 a
456 4349 744 4434 praedecessoribus
760 4349 881 4414 nostris
901 4349 1096 4426 exhibitum,
1114 4351 1243 4412 constat
1265 4343 1326 4412 nos

311 4583 530 4650 111111111]11”111
549 4585 651 4648 proprio
666 4585 794 4650 ecclesia,
790 4583 890 4642 added
880 4601 906 4636 m
926 4579 963 4646 tte
981 4583 1209 4654 11111111111111
1225 4549 1326 4636 beneotlr

238 4733 240 4736 Ι
278 4661 618 4730 caeterorummetum
