3308 5666
322 679 325 682 ’
409 685 473 748 334
772 659 774 662 ⁵
840 665 1025 750 lrrnnnm.
1118 683 1119 686 ’

409 885 561 970 quamvis
583 885 756 976 temporali
778 907 878 972 regno
902 885 947 950 sit
965 885 1128 972 ,privatus
1167 879 1242 948 Nec
1261 879 1461 968 impossibile

408 987 507 1050 alicui
529 987 682 1054 videatur
704 989 733 1054 si
755 989 962 1074 omnipotens
985 989 1077 1054 Deus
1111 985 1168 1074 qni
1201 989 1310 1050 totum
1344 1005 1459 1072 corpus

380 1145 381 1148 ,
409 1089 553 1156 hominis
587 1093 739 1166 deterre
770 1091 957 1178 plasmavit,
982 1091 1123 1178 capillos,
1145 1087 1203 1174 qui
1225 1071 1362 1152 minima
1385 1109 1460 1176 pars

408 1197 486 1258 sunt
509 1193 660 1272 hominis,
685 1195 725 1258 (11
747 1199 836 1260 terra
857 1195 957 1260 faciat
980 1193 1065 1260 oriri.
1102 1191 1196 1260 ,Hoc
1218 1191 1290 1284 ideo
1318 1191 1458 1270 dixerim

408 1295 486 1378 quia
518 1281 621 1382 quum
654 1297 750 1362 bonae
788 1299 953 1364 memoriae
986 1293 1184 1362 venerabilis
1216 1297 1309 1380 pater
1346 1297 1458 1356 noster

257 1459 258 1468 ,
407 1395 599 1484 Beldvvinus
615 1397 862 1470 Oantuariensis
882 1399 1142 1488 archiepiscopus
1165 1419 1261 1484 super
1282 1395 1333 1460 his
1356 1395 1457 1460 vellet

285 1517 353 1570 Am.
406 1493 586 1582 certificari,
604 1503 746 1586 quodam
761 1507 915 1590 tempore,
931 1503 1079 1568 instante
1095 1501 1148 1566 die
1169 1499 1292 1566 natalis
1310 1497 1455 1584 ejusdem

242 1587 392 1654 1¹⁸⁷'¹¹⁸9-·
404 1603 566 1690 martyris,
590 1605 681 1668 misit
715 1605 792 1670 illuc
824 1607 912 1672 viros
950 1605 1118 1692 religiosos
1155 1607 1195 1668 11
1226 1603 1292 1668 fide
1330 1601 1463 1688 dignos,¹

252 1707 253 1712 ’
300 1761 303 1768 .
402 1705 555 1772 videlicet
579 1705 750 1772 dominum
773 1707 912 1772 Paulum
947 1709 1102 1774 abbatem
1125 1707 1310 1772 Leicestriae
1341 1705 1454 1770 1111-

402 1809 528 1876 minum
551 1809 762 1876 Baldvvinum
784 1811 927 1898 priorem
950 1797 1162 1902 desKirkeby
1177 1809 1453 1896 consanguineum
1530 1839 1531 1842 ¹

401 1911 547 1996 ejusdem
568 1915 821 2002 archiepiscopi,
853 1917 909 2000 qui
944 1915 1052 1980 locum
1085 1915 1181 1978 illurn
1215 1935 1273 2000 per
1303 1911 1453 1976 triduum
1513 1953 1514 1956 =

356 2055 363 2064 ψ
398 2035 473 2078 cum
498 2013 636 2100 jejuniis
672 2021 705 2082 et
737 2017 942 2082 orationibus
975 2017 1152 2104 diiigenter
1175 2015 1395 2094 observarent,
1420 2017 1453 2080 et

398 2117 517 2200 quibus
553 2119 705 2186 divinum
713 2159 720 2174 -.
735 2125 940 2186 mererentur
959 2115 1075 2202 'videre
1107 2119 1306 2194 miraculum¹
1321 2121 1452 2204 tempus

398 2221 431 2282 et
455 2219 567 2288 horam
591 2225 810 2308 expectarent.
867 2223 937 2310 ipsi
962 2245 1040 2288 vero
1063 2221 1249 2308 injunctam
1280 2219 1344 2288 sibi
1366 2221 1471 2306 lega-¹

261 2409 263 2418 y
397 2321 522 2388 tionem
557 2325 767 2390 devotissime
802 2325 1011 2412 complentes,
1043 2345 1118 2390 cnm
1151 2323 1318 2388 immensis
1350 2323 1452 2410 agmi-

295 2449 297 2458 1
396 2423 498 2490 nibus·
517 2425 687 2490 homiuum
710 2427 771 2492 sibi
794 2425 991 2494 astantibus
1004 2449 1062 2514 per
1084 2425 1228 2514 spatium
1250 2427 1348 2490 n'nius
1363 2427 1452 2490 horae

397 2517 471 2612 diei.
485 2529 646 2614 passionis
669 2553 737 2596 suae
762 2529 798 2594 in
826 2531 940 2596 eodem
973 2531 1053 2610 loco,
1076 2531 1162 2596 circa
1193 2529 1350 2622 capellam
1378 2551 1452 2614 quae
1491 2537 1492 2542 ’

395 2629 442 2694 ibi
458 2629 524 2696 sita
539 2635 596 2710 est,
610 2631 699 2698 inter
713 2633 847 2700 herbam
862 2631 1011 2712 viridem,
1026 2633 1161 2720 capillos
1178 2631 1278 2718 ¹quasi
1301 2619 1450 2716 hominis,

396 2751 476 2816 quos
509 2733 665 2812 manibus
692 2737 759 2800 suis
792 2737 1013 2822 palpaverunt
1052 2741 1085 2802 et
1116 2757 1170 2800 cre
1208 2733 1448 2812 osculabantur,
1495 2741 1503 2752 '

206 2919 207 2922 Ἴ
395 2833 508 2898 videre
538 2841 753 2918 meruerunt;
788 2841 822 2902 et
858 2839 979 2904 iterum
1001 2845 1077 2924 post
1100 2837 1263 2902 modicum
1298 2835 1383 2902 nihil
1414 2837 1449 2908 in

253 2949 259 2960 '
298 2999 300 3004 ,
326 2957 327 2962 ’
375 2923 511 3002 ‘ecdem
541 2937 610 3004 lcco
624 2939 710 3004 nisi
749 2939 852 3004 sclam
884 2941 1019 3006 herbam
1043 2941 1206 3006 viderunt.
1255 2933 1311 3002 Illi
1333 2939 1450 3030 flentes

397 3063 465 3126 prae
489 3041 618 3126 gaudie,
648 3063 743 3106 voces
765 3043 921 3108 tollentes
947 3045 989 3108 ad
1013 3045 1128 3122 sidera,
1146 3041 1209 3106 Dei
1234 3041 1279 3114 in
1301 3047 1449 3126 martyre

314 3155 316 3162 ’
398 3163 456 3224 suo
481 3143 750 3210 collaudaverunt
770 3145 943 3232 magnalia
990 3145 1044 3224 Et,
1064 3143 1292 3210 recedentibus
1315 3145 1449 3232 capillis,

398 3247 512 3310 statim
539 3241 652 3322 eadeni
674 3247 754 3312 hora
783 3249 919 3340 regressi
942 3255 1027 3314 sunt
1050 3247 1272 3326 Oantuariam,
1299 3253 1332 3312 et
1355 3247 1448 3314 inve-

285 3417 286 3420 ,
397 3355 518 3414 nerunt
540 3355 668 3436 patrem
693 3371 789 3416 suum
815 3351 873 3436 qui
896 3367 949 3416 ecs
976 3351 1110 3424 miserat
1136 3355 1171 3414 et
1191 3349 1316 3416 multos
1331 3339 1449 3414 iratres

398 3473 472 3516 cum
488 3475 525 3516 eo
540 3457 759 3542 congregatos,
782 3457 817 3516 11
831 3459 1050 3520 narraverunt
1071 3453 1119 3518 eis
1135 3453 1275 3536 qualiter
1290 3473 1449 3540 cognove-

385 3559 478 3640 runt
501 3555 565 3620 Dei
587 3561 767 3642 martyrem
794 3557 831 3620 in
857 3561 932 3620 ortu
964 3545 1165 3642 capillorum.
1212 3555 1257 3620 Et
1289 3555 1353 3642 ipsi
1376 3555 1447 3620 Deo
1517 3631 1523 3648 f

336 3693 338 3696 ·
398 3657 521 3744 gratias
551 3663 686 3744 agentes
716 3659 873 3740 dixerunt
911 3659 953 3722 ad
985 3659 1136 3738 invicem,
1163 3663 1179 3694 “
1195 3657 1281 3738 Quia
1307 3681 1447 3744 magnus

399 3767 415 3794 “
439 3765 489 3826 est
516 3759 678 3826 Dominus
708 3765 742 3826 et
773 3783 894 3848 magna
920 3763 1026 3826 virtus
1054 3761 1143 3848 Ejus,
1181 3765 1216 3824 ct
1246 3759 1447 3826 mirabilium

401 3869 417 3898 “
440 3863 520 3948 Ejus
536 3895 537 3898 ¹
551 3885 618 3928 non
654 3867 703 3928 est
738 3853 918 3942 numerus?
935 3859 1055 3934 {simul
1093 3883 1167 3930 cum
1206 3861 1365 3948 martyre
1388 3887 1447 3932 suo
1487 3931 1488 3934 ,

399 3965 514 4050 ipsum
533 3965 756 4032 collaudantes
779 3967 845 4046 Qui
868 3967 903 4030 in
926 3967 1137 4054 sanctissuis
1161 3967 1285 4050 semper
1308 3969 1357 4030 est
1380 3967 1415 4052 gl
1436 4005 1449 4018 -

308 4129 309 4132 ,
396 4069 520 4150 ricsus3
544 4067 610 4148 Qui
625 4065 698 4134 cum
714 4069 812 4134 Patre
836 4073 870 4134 et
885 4061 1012 4154 Spiritu
1028 4067 1148 4134 Sancto
1164 4067 1260 4158 vivit,
1274 4073 1307 4154 et
1331 4075 1448 4154 regnat

385 4169 488 4236 <Deus
514 4193 572 4256 per
597 4171 707 4236 omnia
729 4171 847 4236 saecula
869 4157 1083 4252 saeculorum,
1107 4171 1225 4236 Amend
