3300 5666
449 801 664 858 ronscrrcor
686 803 844 856 usnnrrn
866 803 913 854 nn
935 803 1103 858 crusnam
1262 791 1303 856 59

265 1097 418 1182 Qualiter
425 1093 592 1184 feretrum
606 1095 717 1162 suncti
731 1095 908 1184 Ecgcptnc'
922 1097 966 1162 cu
981 1093 1134 1184 flumas
1157 1101 1302 1164 submer-

350 1223 438 1280 sura,
464 1199 593 1268 siccum
618 1199 847 1286 permanserit
858 1221 872 1274 ‚·
902 1207 933 1268 ct
970 1199 1119 1288 qualiter
1157 1199 1302 1268 caricas

351 1319 430 1370 cunc
445 1301 579 1370 bruchio
593 1301 741 1388 ejusdcm
755 1301 799 1368 ia
818 1301 928 1370 codam
944 1301 1098 1392 flumine
1111 1301 1302 1370 subrueretis

350 1403 498 1472 cocscrit.

306 1529 369 1598 Res
411 1527 564 1598 admonet
604 1537 644 1596 ut
668 1527 846 1616 'quoddam
895 1531 1015 1598 mirum
1052 1551 1109 1618 per
1150 1537 1299 1598 sanctum
1352 1541 1457 1592 on
1544 1563 1548 1566 „

260 1631 453 1720 Ecgwinum
477 1655 583 1700 coram
616 1633 728 1698 multis
759 1627 960 1700 insinuatum
990 1629 1101 1700 lectori
1129 1631 1300 1700 offeramus
1313 1609 1465 1662 ²⁰⁷⁷'1⁰⁸⁶·

259 1733 442 1820 legendurn.
490 1736 649 1822 Reliquiae
679 1733 781 1802 sancti
818 1733 882 1798 viri
914 1757 1113 1822 quocumque
1151 1701 1453 1824 deporta-{gfffffile

259 1837 381 1900 bantur
416 1839 558 1902 maximo
582 1837 709 1904 ‘honore
747 1829 962 1922 cingebantur
998 1853 1188 1924 summaque
1214 1837 1299 1904 dili·
1311 1833 1384 1946 13¹1&
1395 1835 1422 1882 11¹

258 1937 371 2024 gentia
386 1937 657 2004 custodiebantur.
704 1935 791 2004 Dum
806 1935 907 2024 igitur
923 1939 1061 2024 quadarn
1076 1939 1128 2002 die
1152 1939 1299 2006 custodes
1311 1905 1464 2018 ifllffiaviss

215 2041 216 2044 ’
258 2045 444 2106 sanctarum
458 2037 669 2126 reliquiarum
683 2037 725 2106 ad
740 2043 862 2106 flumen
885 2041 971 2128 quod
987 2033 1107 2108 Trenta
1129 2041 1169 2106 ab
1184 2037 1298 2108 accolis
1312 2033 1396 2084 Trent.

257 2143 422 2208 vocitatur
451 2143 680 2230 pervenissent,
703 2149 737 2210 et
758 2145 905 2232 rapidam
927 2145 1030 2232 ipsam
1053 2165 1171 2230 aquam
1194 2149 1299 2210 trans·

257 2263 363 2312 meare
385 2243 600 2312 necessaium
616 2243 793 2324 duxissem,
809 2249 985 2314 monachus
1013 2243 1146 2332 quidam
1162 2269 1204 2312 ex
1218 2241 1297 2334 ipsis
1376 2293 1377 2296 κ

256 2349 387 2414 nomine
411 2343 647 2426 Heremannus,
675 2351 792 2440 timens
822 2351 968 2414 fluminis
991 2349 1232 2416 immanitatem
1263 2349 1297 2416 et

257 2447 459 2516 tremendam
504 2445 795 2536 praecipitationern
836 2453 1039 2536 maximeque
1077 2475 1136 2538 pro
1178 2453 1296 2518 sanctis

171 2621 172 2624 ,
255 2551 399 2638 reliquiis
415 2551 579 2630 sollicitus,
595 2553 732 2636 ipsemet
748 2549 824 2618 ante
840 2567 874 2618 se
890 2575 987 2638 super
1008 2577 1126 2638 equum
1142 2549 1296 2618 scrinium

255 2649 359 2720 sancti
384 2651 531 2738 Eogwini
557 2651 727 2740 deportare
757 2651 894 2732 studuit,
924 2659 964 2720 ut
993 2657 1020 2720 si
1052 2655 1131 2738 quid
1161 2655 1295 2740 periculi
1336 2705 1338 2708 .

253 2757 421 2822 accidisset
461 2753 585 2820 meritis
623 2751 726 2822 sancti
764 2757 828 2822 viri
866 2761 1095 2842 protegeretur.
1157 2755 1295 2820 Ouidam

150 2933 151 2936 Ἴ
253 2881 329 2924 vero
356 2857 578 2922 ministrorum
601 2857 753 2944 praecepit
779 2869 818 2920 ut
840 2851 1008 2922 brachium
1028 2859 1131 2938 sancti
1147 2853 1294 2944 Ecgwini

254 2957 294 3026 dc
306 2959 386 3026 collo
410 2975 601 3046 suspensum
623 2953 766 3024 maxima
788 2977 862 3024 curn
884 2959 1067 3026 reverentia
1080 2965 1293 3026 conservaret.

254 3059 410 3142 Posthac,
441 3063 574 3130 ductore
605 3063 811 3150 praecedente,
842 3063 983 3148 primurn
1003 3063 1188 3128 'monachus
1218 3081 1291 3126 cum

253 3161 396 3252 reliquiis
413 3165 523 3242 sancti,
538 3159 747 3250 postmodum
770 3161 879 3230 caeteri
902 3183 1163 3252 quaquaversum
1181 3187 1290 3250 seque-

251 3269 379 3334 bantur.
425 3267 547 3332 Verum
584 3269 768 3344 monachus,
798 3267 860 3332 Dei
882 3267 1111 3352 providentia,
1148 3285 1168 3332 'a
1204 3271 1291 3332 recto

251 3371 336 3434 vado
359 3367 516 3454 paulatim
537 3367 700 3446 aberrans
719 3375 752 3434 et
773 3371 807 3434 in
832 3371 1028 3454 profundum
1051 3365 1193 3434 fluminis
1217 3385 1290 3432 cum

251 3493 369 3558 magno
396 3471 510 3536 timore
535 3473 690 3566 equitans,
715 3469 993 3536 circumfusionem
1022 3493 1115 3558 aquae
1144 3471 1187 3534 ad
1216 3493 1288 3558 pec·

250 3577 322 3638 tora
344 3593 446 3658 usque
472 3575 663 3660 patiebatur.
711 3565 761 3638 Ea
783 3575 826 3638 ad
850 3571 1104 3640 enucleationem
1127 3575 1288 3638 virtutum

251 3677 354 3740 sancti
374 3675 523 3762 Ecgwini
542 3697 723 3760 provenere,
739 3683 777 3740 ut
800 3677 916 3762 quanti
940 3673 1047 3740 meriti
1071 3677 1158 3760 apud
1181 3677 1288 3742 Deum

230 3777 294 3842 sit
331 3783 462 3842 sanctus
499 3777 648 3842 facillime
685 3779 787 3862 possis
824 3777 1002 3864 pervidere.
1062 3769 1150 3840 Nam
1188 3795 1288 3862 quum

249 3877 404 3964 praefatus
427 3879 600 3944 monachus
623 3881 745 3946 flumen
767 3875 806 3944 ut
829 3875 972 3944 diximus
995 3875 1230 3958 transmeasset,
1253 3881 1289 3942 in

248 3985 379 4046 tantum
395 3985 543 4044 sanctum
566 4003 660 4046 suurn
675 3979 865 4046 clarificavit
881 3981 1106 4068 Omnipotens,
1121 3987 1160 4048 ut
1174 4003 1232 4046 nec
1254 3983 1290 4044 in

247 4083 342 4148 theca
364 4079 474 4148 scrinii
495 4103 554 4148 nec
576 4083 611 4144 in
633 4073 742 4168 aliquo
765 4081 961 4168 uestimento
983 4083 1132 4148 monachi
1148 4105 1214 4150 una
1229 4084 1289 4148 sal-

248 4179 327 4248 teml
344 4187 441 4270 gutta
455 4205 549 4268 aquae
564 4183 671 4268 quiret
685 4177 826 4270 reperiri,
839 4185 895 4250 sed
906 4175 1011 4248 veluti
1027 4181 1083 4270 pei·
1094 4185 1288 4250 fluctuantes

248 4289 370 4370 segetes
384 4307 443 4364 ¹seu
465 4283 564 4350 silvas
586 4285 621 4350 in
643 4287 828 4352 autumnali
842 4291 987 4370 ternpore
1004 4283 1187 4372 equitatum
1201 4281 1288 4364 isset,

248 4389 296 4452 ita
318 4411 338 4452 a
359 4381 476 4452 natura
497 4387 698 4452 elementalis
728 4403 820 4472 aquae
843 4385 1087 4452 discriminatus
1111 4393 1287 4472 appareret.

626 4609 739 4676 Ιθαῖτοτη]
754 4607 843 4670 saltim,
856 4605 912 4662 MS.
