3300 5666
461 701 662 778 currourcor
685 723 844 780 Aaaarrn
869 729 915 780 on
938 731 1110 782 ornanum
1133 703 1137 708 ’
1248 715 1311 782 159

202 923 203 926 ’
265 917 349 984 “sit
381 917 559 984 commissa.
606 917 650 984 Et
680 913 768 1004 quod
798 939 873 984 eum
902 903 1050 998 ⁴tuitione
1075 917 1176 984 etiam
1207 923 1393 984 emeseno.
1409 933 1482 982 raca.

262 1027 279 1058 “
303 1025 415 1088 nostra
437 1021 557 1086 habeat
581 1023 747 1110 corrigere,
770 1021 902 1088 uttam
925 1021 1026 1104 tuitio
1043 1043 1142 1106 quam
1157 1019 1314 1086 correctio

263 1135 279 1166 “
303 1125 333 1192 ei
356 1125 591 1206 committatur,
624 1145 774 1212 expresse
805 1125 1020 1212 subjungitur
1051 1127 1086 1188 in
1114 1123 1226 1188 ecdem
1249 1125 1314 1212 pri·

263 1237 279 1268 “
303 1229 431 1316 vilegic,
455 1229 669 1306 ubidicitur,
695 1227 752 1292 ‘Si
775 1229 856 1312 quid
870 1249 948 1292 vero
972 1223 1114 1292 sinistrae
1137 1227 1240 1312 partis
1264 1229 1313 1290 in-

264 1341 279 1366 “
306 1331 373 1396 ‘ibi
397 1335 601 1418 compertum
624 1319 828 1410 fueritoriri,
849 1331 984 1396 auribus
1007 1329 1126 1394 summi
1149 1329 1314 1414 pontificis

263 1441 280 1472 “
306 1433 444 1520 ‘patriae
466 1433 576 1520 potius
600 1433 766 1496 deferatur
788 1455 887 1518 quarn
911 1455 970 1518 per
992 1433 1128 1518 alicujus
1152 1431 1312 1498 occultam

263 1545 279 1574 “
305 1523 524 1602 ‘sententiam
540 1539 673 1602 sanctus
688 1534 777 1604 locus
800 1535 923 1618 injuste
939 1535 1154 1622 depravetur!
1200 1535 1310 1616 Quum

263 1639 405 1722 “igitur
436 1659 534 1704 onera
564 1637 716 1702 tuitionis
749 1641 782 1700 et
809 1637 1015 1700 correctionis
1045 1643 1225 1722 sequautur
1253 1637 1311 1700 hc-

213 1739 215 1742 ’
263 1751 279 1778 “
302 1733 398 1806 nores
445 1743 477 1804 et
523 1739 692 1802 commoda
712 1785 716 1794 ,
736 1737 941 1802 visitationis
989 1745 1023 1804 et
1066 1739 1310 1826 procurationis,

263 1851 280 1880 “
303 1841 420 1908 meritc
451 1841 501 1906 illi
531 1841 585 1906 cui
614 1865 713 1908 onera
742 1865 811 1908 non
847 1841 1065 1928 imponuntur
1101 1843 1239 1910 honores
1278 1849 1312 1910 et

262 1955 279 1984 “
303 1946 525 2010 emolumenta
540 1947 790 2012 subtrahuntur.
839 1947 892 2010 Ex
919 1945 981 2012 hoe
1007 1945 1111 2034 igitur
1141 1947 1313 2034 privilegio

263 2059 279 2086 ‘⁴
301 2051 394 2132 patet
422 2049 552 2128 nullum
579 2051 622 2114 ab
642 2049 784 2116 'ecclesia
809 2055 922 2114 nostra
946 2051 1176 2136 praedictorum
1202 2051 1314 2114 deberi

263 2161 279 2186 “
302 2151 513 2240 Wigcrnensi
537 2153 695 2240 episcopc,
720 2173 822 2238 quum
853 2175 873 2218 a
899 2151 1032 2218 domino
1057 2177 1143 2240 papa
1171 2153 1316 2220 Cantua-¹

261 2255 399 2320 “riensi
429 2257 667 2346 archiepiscopo
702 2261 741 2320 ut
772 2279 829 2322 suo
865 2256 972 2342 legato
1007 2257 1060 2322 vel
1091 2257 1213 2324 vicario
1244 2257 1314 2324 heec

263 2367 279 2394 “
302 2357 369 2434 sint
386 2359 563 2438 commissa,
582 2363 614 2424 et
632 2359 671 2424 de
695 2381 855 2426 consensu
875 2361 1008 2446 ngini
1031 2359 1173 2448 episcopi
1188 2361 1315 2446 Wigor-

262 2467 279 2498 “
302 2461 421 2540 nensis,
446 2463 537 2548 cujus
561 2483 737 2528 consensus
760 2485 828 2528 non
848 2461 1087 2548 requireretur¹
1103 2465 1168 2528 nisi
1190 2465 1228 2528 in
1243 2463 1313 2546 ejus

261 2573 277 2600 “
300 2563 526 2648 praejudicium
567 2563 693 2648 aliquid
727 2569 934 2640 statueretur,
961 2565 1140 2648 quamvis,
1162 2563 1325 2642 dominus

263 2675 279 2702 “
302 2687 388 2754 papa
427 2665 482 2750 qui
521 2669 656 2732 vocatus
696 2669 746 2730 est
783 2665 820 2730 in
857 2663 1099 2750 plenitudinem
1140 2665 1314 2754 potestatis

209 2785 210 2788 ’
263 2777 279 2804 “
302 2769 370 2836 haec
398 2767 508 2844 omnia
532 2771 730 2834 auctoritate
755 2769 819 2834 sibi
842 2791 863 2834 a
889 2771 960 2834 Deo
984 2767 1155 2834 commissa
1176 2791 1218 2834 ex
1241 2791 1311 2856 pro-

262 2873 374 2958 “pria
401 2875 564 2958 potestate
595 2873 698 2936 facere
729 2871 840 2958 possit,
880 2871 1003 2936 nullius
1041 2871 1198 2956 requisito
1238 2891 1311 2936 con·
1393 2869 1405 2888 ”

262 2981 279 3008 “
302 2997 398 3040 sensu
419 2975 472 3038 vel
488 2975 606 3044 favore.
654 2973 701 3038 Et
723 2979 836 3038 tamen
861 2973 930 3040 sine
955 2973 1081 3040 ratione
1105 2971 1185 3038 talia
1208 2973 1314 3038 facere·

263 3085 279 3112 “
301 3101 369 3142 non
390 3077 567 3142 consuevit.
614 3077 660 3142 Et
686 3099 787 3162 quum
803 3075 931 3164 possint
954 3075 1097 3164 episcopi
1118 3077 1205 3140 infra
1228 3077 1310 3140 dioeu
1392 3111 1394 3116 .

263 3185 279 3212 “
302 3181 399 3246 cesim
430 3203 523 3244 suam
551 3179 590 3244 in
620 3193 684 3266 qua
719 3179 896 3244 maluerint
928 3179 1060 3242 ecclesia
1087 3201 1155 3244 non
1178 3178 1310 3264 privile«

261 3287 278 3316 “
300 3283 390 3368 gieta
416 3281 585 3368 synodum,
608 3281 761 3368 capitula,
786 3269 1007 3346 ordinationes
1034 3285 1067 3346 et
1091 3281 1205 3346 missas
1229 3281 1312 3366 pub·

263 3391 279 3418 “
302 3385 381 3450 licas
412 3383 582 3464 celebrare,
606 3383 675 3448 haec
702 3383 913 3470 Wigornensi
936 3383 1085 3470 episcopo
1112 3383 1148 3446 in
1171 3382 1311 3446 ecclesiis

263 3487 421 3552 “nostris
446 3487 549 3550 facere
579 3485 622 3550 ab
654 3485 850 3550 Innocentio
881 3485 1075 3570 prohibetur
1100 3485 1309 3564 ubidicitur,

263 3595 279 3622 “
302 3589 504 3676 ‘Sanximus
529 3589 628 3654 etiam
653 3587 749 3652 utin
773 3587 908 3652 abbatia
937 3593 1048 3652 vestra
1071 3593 1131 3652 aut
1156 3587 1193 3652 in
1208 3587 1312 3674 capel-

263 3697 278 3722 “
303 3689 365 3752 ‘lis
396 3689 514 3754 vestris
545 3689 664 3776 aliquis
691 3689 871 3776 episcopus
890 3689 1053 3774 synodum
1085 3688 1138 3756 vel
1167 3691 1311 3778 capitula

261 3801 277 3828 “
303 3797 383 3856 ‘aut
410 3793 633 3858 ordinationes
656 3797 714 3858 aut
737 3793 852 3858 missas
879 3793 1036 3878 publicas,
1059 3793 1126 3858 nisi
1147 3793 1310 3858 invitatus

255 3899 276 3942 l‘
302 3893 366 3956 ‘ab
381 3893 509 3960 ,abbate
532 3895 621 3958 illius
644 3895 708 3960 loci
730 3896 783 3960 vel
810 3917 830 3958 a
855 3895 1023 3974 fratribus,
1052 3894 1213 3960 celebrare
1241 3917 1307 3960 non

262 4003 276 4028 “
300 3995 516 4082 ‘praesumat’
572 3995 682 4076 Quum
715 3997 814 4084 etiam
840 4011 908 4062 non
933 3999 1030 4064 liceat
1054 4019 1122 4062 non
1148 3993 1310 4084 exemptis
1391 4037 1393 4044 <

263 4103 279 4130 “
302 4103 506 4164 sacramenta
521 4089 739 4166 ecclesiastica
761 4101 826 4166 nisi
843 4121 938 4186 asne
954 4101 1104 4188 episcopo
1128 4103 1310 4166 dioecesano

263 4207 279 4232 ‘⁸'
302 4201 453 4286 accipere,
476 4205 516 4264 ut
539 4201 623 4266 nihil
644 4201 740 4266 nobis
765 4203 851 4268 desit
878 4203 918 4266 ad
947 4205 1187 4290 plenitudinem
1211 4203 1308 4266 liber-

263 4307 279 4336 “
302 4301 383 4368 tatis
412 4303 600 4376 conceditur
622 4305 717 4370 nobis
740 4305 782 4370 ab
805 4305 997 4372 Alexandro
1027 4327 1113 4392 papa
1139 4303 1242 4370 tertio
1269 4309 1307 4370 ut

584 4659 591 4688 ¹
606 4657 780 4724 requireretur]
795 4655 943 4722 requiretur,
953 4655 1009 4706 Ms.
