3300 5666
281 793 282 796 ’
301 799 364 860 118
500 809 699 862 cunouroou
723 809 879 860 000000
902 811 948 858 nu
972 809 1140 860 avusnlu.

140 1005 291 1054 001000.
306 989 549 1074 Bartholomaei)
584 1011 642 1076 per
665 989 805 1076 priorem
828 989 869 1052 de
893 985 1099 1054 Gloucestria
1128 995 1162 1052 et
1193 989 1350 1074 quosdam

140 1107 279 1174 exeepcthe
308 1093 387 1158 alios
411 1093 580 1158 nuntiavit
603 1091 699 1166 nobis
723 1091 809 1178 quod
831 1113 891 1156 nos
915 1097 948 1156 et
972 1091 1137 1166 ecclesiam
1160 1097 1308 1166 nostram
1331 1115 1351 1156 a

141 1177 273 1238 attoafor
309 1195 494 1260 divinorum
517 1193 733 1266 celebratione
756 1199 888 1280 propter
911 1193 1149 1266 contumaciam
1172 1193 1351 1280 suspendit,

140 1251 442 1384 iiilliil'exeepto
459 1297 585 1374 abbate,
606 1301 640 1362 et
662 1297 708 1362 sic
730 1319 790 1362 nec
812 1297 915 1382 petita
938 1319 998 1362 nec
1021 1297 1101 1362 deta
1127 1295 1352 1372 benedictione

143 1381 271 1510 {effigia}
308 1425 328 1466 0
342 1401 436 1466 nobis
451 1399 589 1468 recessit.
635 1399 703 1464 Nos
719 1421 797 1464 vero
812 1401 1023 1486 appellationi
1037 1395 1158 1466 nostrae
1173 1401 1353 1464 innitentes

145 1483 286 1592 00000011-
309 1501 483 1572 solemnius
514 1525 612 1588 quam
643 1501 741 1588 prius,
772 1501 800 1566 si
829 1503 900 1570 fieri
931 1503 1047 1590 potuit,
1073 1501 1189 1576 divina
1216 1501 1354 1570 celebra-

145 1589 237 1698 ffi‘ff
309 1591 426 1682 011005,
449 1611 483 1668 01
506 1605 618 1674 statim
641 1609 715 1690 post
738 1605 846 1672 eibum
868 1605 950 1670 dnos
973 1603 1167 1672 monachos¹
1202 1627 1275 1670 5005
1298 1605 1355 1690 qui

310 1709 363 1772 hic
386 1711 517 1794 propter
540 1707 796 1782 combustionem
819 1709 960 1774 ecclesiae
983 1707 1230 1796 11110000000152
1252 1729 1356 1778 00000-

311 1811 441 1886 bantur,
464 1811 659 1882 mandantes
680 1809 769 1894 qnod,
791 1809 864 1884 illos
886 1813 1020 1878 tantum
1044 1817 1083 1876 nt
1110 1811 1172 1880 sibi
1196 1809 1356 1894 subjectos

313 1911 525 1998 suspenderat
541 1917 574 1978 01
588 1913 661 1976 ideo
678 1931 731 1976 eos
755 1933 774 1974 0
797 1913 891 1978 nobis
916 1913 1090 1990 emisimus,
1106 1913 1157 1976 illi
1176 1911 1359 1980 transmisi-

314 2035 396 2082 mus,
441 2015 484 2080 In
499 2015 640 2080 crastino
656 2035 733 2082 vero
758 2013 847 2078 misit
869 2013 922 2078 hic
945 2015 1098 2080 abbatem
1121 2015 1161 2078 de
1177 2013 1358 2088 Alincestre

314 2119 348 2180 et
386 2117 540 2200 quosdam
579 2117 715 2196 clericos,
752 2117 869 2198 quibus
907 2137 1008 2200 quum
1040 2137 1198 2200 nusquam
1228 2117 1271 2186 ad
1301 2137 1359 2180 nos

315 2221 441 2302 pateret
471 2219 636 2304 ingressus
666 2217 751 2280 sicut
785 2217 1009 2302 praecavimus,
1040 2217 1178 2282 scientes
1209 2237 1247 2280 ea
1286 2241 1359 2302 quae

240 2375 242 2378 .
315 2319 428 2386 futura
459 2323 561 2398 erant,
594 2317 644 2382 illi
678 2319 819 2384 accensis
849 2317 993 2382 candelis
1025 2323 1058 2382 et
1096 2319 1171 2384 finis
1201 2319 1237 2382 in
1266 2323 1361 2404 porta

317 2419 487 2486 coemiterii
521 2419 708 2486 solemniter
739 2421 934 2490 auctoritate
965 2421 1107 2506 episcopi
1137 2441 1197 2484 nos
1235 2443 1362 2486 excom·

318 2513 576 2598 munioaverunt,
607 2527 742 2608 excepto
773 2523 902 2588 abbate.
961 2523 1006 2590 Et
1036 2523 1106 2588 haec
1136 2521 1297 2596 nonfuit
1327 2523 1361 2588 10

278 2665 279 2668 =
318 2629 428 2690 nostro
457 2627 585 2710 pectore
616 2647 693 2688 0000
718 2625 823 2688 minor
854 2625 941 2710 quod
971 2625 1070 2690 abbas
1094 2629 1205 2690 noster
1228 2647 1248 2688 a
1269 2625 1363 2718 nobis

319 2749 444 2814 semper
467 2729 685 2812 separabatur,
712 2729 776 2794 sed'
791 2729 938 2796 maxima
959 2749 1054 2792 cansa
1076 2729 1203 2800 timoris
1225 2749 1266 2792 ne
1291 2751 1363 2796 cum

320 2829 467 2916 episcopo
498 2829 685 2908 collusisset‚
716 2851 775 2894 nec
806 2829 899 2894 stetit
938 2851 994 2916 per
1025 2827 1178 2900 abbatem
1209 2831 1290 2914 quin
1318 2829 1366 2894 ita

322 2931 423 2994 fieret.
469 2927 539 2992 Nos
554 2951 631 3004 vero
654 2931 868 2996 nihilominus
890 2941 1026 3016 semper
1043 2931 1158 2996 divina
1181 2931 1366 3004 solemniter

324 3031 564 3098 celebravimus.
695 3035 698 3044 '

326 3257 478 3338 Qualiter
504 3257 603 3324 obbas
629 3257 744 3324 001011
773 3257 1206 3344 00000010000000910100
1240 3259 1370 3332 Thorace

413 3359 453 3426 dc
475 3359 694 3446 Merleberqio
715 3359 877 3428 monacho
903 3367 1044 3448 propter
1074 3359 1276 3428 scatentium
1302 3359 1371 3450 epi-

415 3485 516 3550 50000.
716 3483 718 3488 ’

161 3617 314 3680 merleberge
372 3599 496 3664 Eadem
531 3599 584 3662 die
614 3597 731 3664 missus
765 3621 837 3666 sum
869 3623 889 3664 0
920 3605 1083 3664 conventu
1115 3603 1153 3664 ut
1185 3599 1371 3666 nuntiarem

161 3683 291 3800 ffffid
327 3701 397 3766 heec
419 3701 551 3776 domino
579 3701 701 3780 abbati,
737 3701 887 3786 quamvis
922 3719 945 3764 a*
976 3701 1044 3764 suis
1077 3701 1188 3768 omnia
1221 3701 1250 3766 ei
1285 3701 1374 3788 prius

162 3819 227 3868 view
237 3819 273 3880 by
328 3803 570 3882 nuntiarentur,
594 3807 636 3880 et,
660 3803 816 3888 quicquid
838 3805 939 3868 abbas
963 3803 1092 3880 diceret,
1116 3803 1301 3886 injunctum
1325 3809 1375 3868 051

162 3887 203 3936 the
215 3885 295 3934 abhoc.
329 3905 411 3968 mihi
434 3909 473 3970 ut
495 3905 537 3970 ad
561 3905 730 3970 dominum
747 3903 1015 3972 Cantuariensem
1030 3905 1236 3990 procederem
1252 3909 1286 3970 et
1304 3927 1376 3970 sen·

329 4007 443 4074 tentiae
482 4007 622 4094 episcopi
660 4013 803 4094 peterem
840 4007 1104 4074 infirmationem.
1173 4007 1239 4088 Qui
1276 4029 1375 4094 quum

330 4109 492 4174 venissem
530 4109 744 4174 Bradeuuelle
782 4109 824 4174 ad
862 4109 1023 4190 abbatem,
1063 4115 1154 4174 51005
1189 4109 1307 4172 deforis
1345 4115 1378 4176 et

331 4211 479 4296 quaerens
500 4211 591 4296 loqui
615 4211 653 4288 ei,
676 4233 867 4298 responsum
890 4215 940 4276 est
962 4211 1046 4274 mihi
1068 4203 1110 4276 eir
1133 4217 1226 4296 parte
1249 4211 1378 4276 abbatis

332 4313 419 4398 quod
450 4313 639 4390 recederem,
673 4317 722 4376 et
738 4313 827 4398 quod
854 4315 954 4384 abbas
986 4335 1053 4376 non
1079 4313 1268 4396 loqueretur
1297 4311 1378 4376 mihi

333 4417 410 4502 quia
442 4415 741 4494 excommunicatus
771 4437 867 4480 eram.
924 4415 995 4502 Ego
1025 4439 1102 4482 vero
1139 4415 1253 4482 recessi
1291 4415 1379 4502 apud

319 4657 321 4662 ,
368 4607 531 4670 ι00000105]
545 4621 670 4670 monacos,
683 4607 738 4658 MS.
881 4607 996 4656 Annales
1023 4607 1148 4670 wigorn,
1178 4607 1206 4656 10
1234 4607 1379 4658 Whartou¹s

367 4689 377 4718 ²
393 4687 447 4736 The
465 4687 584 4752 10000100·’
591 4689 620 4738 of
629 4687 772 4738 Woroester
791 4703 831 4736 00-
881 4685 980 4752 Anglia
992 4685 1074 4748 Sacra,
1086 4689 1136 4738 vol.
1148 4687 1175 4748 1,,
1186 4703 1210 4750 p.
1223 4689 1278 4736 479.

336 4765 432 4814 thedrnl
442 4765 571 4826 happened
582 4781 615 4814 on
623 4765 697 4836 April
711 4769 750 4826 17,
761 4769 831 4824 1202.
