3300 5666
335 715 377 782 it
544 731 741 784 orraomoou
756 731 910 786 laalrrn
926 735 972 786 un
987 735 1155 786 1111011111.

233 899 250 970 s
337 911 440 974 facere
462 931 527 976 uon
551 905 687 996 poterat
733 905 797 976 seu
819 911 887 990 hoo,
912 911 998 996 quod
1022 911 1062 976 ds
1084 931 1167 978 oaeoo
1190 911 1375 976 illuminato
1485 979 1486 982 ,

338 1019 371 1078 et
384 1013 516 1080 'Lazaro
539 1007 728 1080 resuscitato
751 1013 920 1080 scribenda
942 1011 1207 1080 beato-dohanni
1230 1009 1380 1078 0111101οέ

338 1127 478 1196 servata,
500 1139 566 1182 non
603 1113 903 1182 00111111011110001
925 1103 1101 1202 iohannis,
1127 1115 1377 1202 praerogativam

338 1219 461 1286 iactum
499 1241 567 1286 esse
605 1219 771 1298 oredimus,
807 1219 905 1284 immo
940 1217 1039 1284 etiam
1070 1225 1203 1306 propter
1237 1219 1379 1304 ipsorum

340 1321 570 1386 miraculorum
593 1321 816 1388 excellentiam
840 1327 874 1388 00
897 1319 1062 1408 publicam
1091 1321 1253 1386 notitiam.
1285 1317 1379 1386 'Haeo
1437 1355 1439 1358 ·

341 1425 427 1490 eninr
450 1423 514 1490 duo
528 1427 672 1490 ¹Domini
694 1425 782 1490 facta
803 1425 890 1490 inter
911 1447 950 1490 ea
972 1447 1045 1510 quae
1068 1425 1168 1512 gessit
1191 1423 1227 1488 in
1249 1445 1380 1508 corpore

341 1549 408 1612 prae
425 1527 546 1592 caeteris
569 1527 711 1593 lucentia
733 1533 865 1614 propter
888 1527 939 1594 sui
962 1527 1224 1614 magnitudinem
1247 1523 1381 1592 et'faoti

341 1631 581 1696 solemnitatem
614 1631 649 1696 in
680 1637 808 1696 tautam
846 1629 1098 1696 admirationem
1130 1635 1164 1694 et
1201 1631 1382 1694 veneratio·

244 1779 247 1802 1
341 1757 426 1814 nem,
443 1741 481 1800 ut
502 1759 523 1800 a
545 1733 670 1800 saeculis
692 1733 850 1814 inaudita,
875 1733 1062 1800 hominibus
1085 1733 1170 1800 facta
1193 1737 1278 1810 sunt,
1295 1733 1382 1818 quod

342 1835 448 1902 tribus
483 1835 703 1922 Evangelistis
725 1835 941 1902 necessarium
964 1859 1031 1900 non
1053 1837 1230 1900 videbatur
1262 1857 1300 1900 ea
1326 1857 1384 1920 per

343 1939 536 2024 scripturam
569 1939 732 2006 memoriae
758 1939 933 2018 bominum
968 1939 1200 2016 commendare,
1239 1959 1312 2022 quae
1351 1961 1383 2002 se

344 2063 400 2126 per
432 2041 483 2108 sui
516 2043 767 2128 praerogativam
789 2039 934 2108 omnium
966 2043 1131 2108 mentibus
1154 2039 1383 2108 inscribebant.

345 2145 399 2210 Sel
422 2145 475 2210 ille
490 2167 565 2210 vere
589 2145 765 2230 theologus,
782 2167 849 2210 non
872 2145 976 2210 solum
1000 2167 1123 2210 memor
1145 2143 1386 2232 praeteritorum

344 2247 400 2312 sed
423 2247 523 2312 etiam
546 2247 691 2332 cognitor
714 2249 910 2312 occultorum
943 2253 976 2330 et
1002 2267 1169 2334 praesagus
1192 2245 1384 2330 futurorum,

344 2349 512 2416 Johannss
549 2349 701 2416 videlicet
735 2349 955 2438 Evangelista,
996 2349 1158 2416 futurum,
1189 2351 1386 2416 certissimus

346 2453 433 2540 quod
464 2453 744 2540 superabundaret
778 2453 936 2540 iniquitas
968 2459 1002 2518 et
1037 2456 1215 2520 multorum
1237 2453 1388 2540 refriges-

345 2565 432 2622 ceret
463 2555 588 2636 caritas,
612 2555 762 2642 quamvis
794 2561 827 2620 00
849 2557 903 2621 ille
926 2558 1031 2621 multa
1054 2557 1194 2622 scribere
1217 2557 1386 2636 omisisset,

347 2657 444 2744 (sicut
476 2657 563 2724 idem
594 2665 738 2724 testatur
770 2657 888 2740 dicens,
913 2659 1021 2724 Multa
1053 2665 1086 2724 00
1109 2659 1174 2724 alia
1196 2659 1289 2746 signa
1311 2657 1388 2724 iecit

346 2761 501 2828 Jesusirr
525 2767 698 2848 conspectu
725 2761 957 2848 discipulorum
980 2785 1113 2828 suorum
1134 2785 1207 2848 quae
1229 2785 1295 2828 non
1311 2771 1389 2828 sunt

347 2865 467 2950 scripta
495 2863 531 2928 in
560 2865 645 2930 libro
675 2865 758 2948 1100)
782 2871 893 2930 00111011
927 2867 996 2930 haec
1029 2871 1161 2952 propter
1190 2867 1333 2950 ipsorum
1356 2869 1390 2930 et

347 2967 522 3054 suiipsius
545 2967 797 3056 praerogativam
812 2973 846 3034 00
867 2967 1032 3056 privilegii
1059 2967 1257 3056 dignitatem
1280 2965 1390 3032 Evau-

347 3069 431 3158 gelio
465 3093 523 3136 suo
555 3071 753 3150 interseruit,
776 3095 828 3150 ne,
851 3071 1077 3158 refrigescente
1101 3071 1246 3152 caritate,
1261 3079 1262 3082 ’
1278 3094 1390 3138 eorum

347 3173 390 3238 ab
404 3173 571 3240 bominum
594 3173 759 3240 mentibus
781 3175 936 3240 memoria
956 3173 1127 3254 recederet,
1145 3175 1232 3262 quod
1255 3181 1289 3240 et
1311 3181 1391 3240 tuno

347 3299 406 3364 pro
422 3281 513 3364 parte
529 3277 616 3364 apud
632 3277 788 3364 quosdam
803 3277 954 3344 accidisse
970 3283 1186 3362 conspexerat.
1234 3275 1333 3342 Unde
1357 3281 1391 3342 et

347 3381 498 3460 uosvis
520 3383 688 3466 praeterita
710 3382 764 3446 vel
786 3401 889 3466 pauca
916 3379 958 3444 ad
981 3377 1170 3444 memoriam
1193 3385 1391 3462 revocantes,

348 3483 523 3572 praesentia
545 3485 865 3572 uonintelligentes,
889 3481 1000 3548 futura
1034 3483 1164 3568 penitus
1195 3483 1390 3572 ignorantes,

349 3587 485 3674 posteris
508 3609 604 3674 super
634 3587 819 3674 ignorantia
842 3591 1071 3672 praecaventes
1095 3587 1287 3650 miraculum
1310 3581 1392 3651 illud

351 3691 425 3756 stilo
458 3691 719 3756 commendamus
742 3689 839 3776 quod
875 3711 934 3754 nos
965 3689 1106 3756 facturos
1139 3689 1229 3776 prius
1264 3683 1393 3754 caritati

351 3783 472 3858 uestrae¹
491 3793 749 3878 promiseramus.

398 3895 507 3974 Quum
530 3897 633 3982 igitur
648 3895 762 3960 boatus
779 3893 954 3982 Eogwinus
977 3895 1128 3984 operibus
1143 3893 1288 3962 caritatis
1303 3901 1394 3962 totus

352 3995 501 4064 afflueret
521 4005 555 4064 et
576 3997 799 4064 indesinenter
820 3999 994 4080 insisteret,
1017 3999 1158 4064 manime
1182 4005 1292 4064 tamen
1315 4001 1395 4064 totis

169 4097 323 4162 ‘Sciamus
353 4103 479 4166 viribus
510 4101 734 4186 praedicationi
770 4123 899 4186 operam
931 4101 1035 4182 dedit,
1058 4103 1161 4168 sciens
1196 4103 1272 4188 quia
1307 4103 1394 4188 “qui

186 4195 210 4228 v.
222 4183 261 4228 ²⁰⁴
356 4211 374 4242 “
390 4205 537 4270 converti
553 4203 663 4272 fecerit
679 4213 880 4290 peccatorem
902 4205 945 4270 ab
961 4229 1068 4272 errore
1083 4207 1147 4272 uiae
1170 4227 1236 4272 suae
1252 4205 1395 4272 salvabit

356 4309 532 4374 “animam
564 4307 633 4392 ejus
664 4315 699 4374 et
730 4307 852 4394 operiet
884 4309 1131 4376 multitudinem
1163 4307 1396 4394 peccatorum.'’

356 4411 438 4478 Erat
488 4411 600 4498 itaque
655 4409 756 4498 juxta
805 4409 967 4478 Evesham
1013 4417 1163 4492 castrum,
1187 4411 1396 4498 -Alneoestre

356 4513 496 4596 nomine,
525 4521 604 4582 tunc
642 4517 795 4600 temporis
824 4517 955 4602 Angliae
993 4513 1252 4594 famosissimum,
1290 4517 1396 4602 regale

355 4619 507 4684 videlicet
529 4639 688 4696 mansum,
706 4625 740 4682 et
762 4619 858 4706 regiae
881 4619 1041 4684 mansioni
1064 4617 1275 4704 aptissimum,
1292 4617 1398 4682 veluti

356 4721 543 4790 nemoribus
575 4723 744 4802 consitum,
767 4721 958 4788 fluminibus
979 4721 1113 4808 piscosis
1144 4727 1176 4786 00
1208 4721 1323 4788 rivulis
1346 4719 1397 4806 jo·
