3308 5666
452 779 828 834 ennomoousnmmn
851 785 897 834 nu
921 785 1111 836 uvasrmu.w
1265 771 1307 836 89

263 971 403 1036 ecclesiae
426 975 528 1034 terras
552 971 585 1034 et
607 969 822 1058 possessiones
852 971 909 1036 illo
933 975 1078 1058 tempore
1104 967 1305 1034 Normannis
1362 997 1430 1048 Am.

262 1073 496 1138 invadentibus
529 1073 753 1160 perdiderunt,
779 1073 856 1140 sed
896 1073 971 1160 ipse
1006 1073 1070 1138 Dei
1107 1075 1193 1138 nutu
1238 1093 1305 1138 non
1320 1061 1464 1118 ¹⁰5⁶-1072

261 1175 366 1240 solum
394 1175 503 1240 nullas
533 1175 675 1262 perdidit
705 1175 763 1240 sed
794 1175 971 1260 majoribus
995 1173 1111 1260 opibus
1141 1181 1175 1240 et
1204 1175 1305 1240 hono·

260 1277 351 1342 ribus
374 1277 542 1342 abbatiam
564 1279 662 1342 istam
693 1277 920 1364 multipliciter
950 1277 1097 1342 adauxit.
1154 1277 1200 1342 Et
1225 1297 1305 1362 quo·

259 1379 349 1442 niam
371 1401 431 1444 rex
459 1379 588 1466 sapiens
613 1383 811 1466 cognoverat
846 1401 921 1456 eum
955 1379 1065 1442 virum
1096 1379 1303 1466 prudentem,

257 1505 351 1568 paene
382 1503 492 1546 omnes
515 1479 612 1566 hujus
643 1481 752 1568 gentis
782 1481 930 1546 homines
964 1481 1110 1548 saeculari
1142 1481 1303 1570 sapientia

256 1583 504 1670 praecellentem,
520 1583 682 1648 commisit
702 1583 732 1648 ei
753 1605 863 1650 curam
880 1583 1019 1650 istarum
1034 1583 1179 1670 partium
1193 1591 1300 1664 terrae,
1313 1589 1423 1684 Agelwy

256 1685 417 1762 videlicet,
444 1685 729 1762 Wirecestrescire‚
765 1685 1066 1766 Glouecestrescire,
1100 1685 1302 1752 Oxeneford-
1313 1687 1443 1750 appointed

254 1789 342 1864 scire,
385 1791 419 1852 et
456 1785 742 1868 Wareuuikescire,
771 1787 1048 1868 Herefordschire,
1077 1787 1298 1864 Statordscire
1312 1765 1436 1868 {pappum

254 1889 467 1970 Scrobschire‚
482 1889 531 1952 ita
545 1893 584 1952 ut
606 1887 754 1954 omnium
776 1889 873 1976 hujus
894 1889 1011 1976 patriae
1037 1889 1171 1956 consilia
1193 1895 1292 1976 atque
1310 1883 1422 1964 nimand
1489 1889 1490 1892 '

248 1991 374 2078 judicia
397 1991 464 2056 fere
492 1991 529 2054 in
559 2011 596 2054 eo
623 1989 810 2076 penderent.
857 1991 902 2056 Et
932 2013 999 2056 non
1022 1991 1127 2056 solum
1157 1991 1193 2056 in
1212 1991 1296 2058 istis
1310 1963 1422 2082 {pepp
1433 2017 1455 2072 1.

252 2093 408 2180 partibus,
451 2093 507 2158 sed
545 2093 645 2156 etiam
679 2113 737 2180 per
770 2099 876 2186 totam
910 2093 1067 2180 Angliam
1102 2093 1296 2182 ubicumque

251 2197 411 2276 veniebat,
433 2201 501 2260 tam
533 2195 650 2262 Franci
673 2219 773 2282 quam
800 2197 903 2284 Angli
932 2219 991 2288 pro
1013 2197 1195 2282 justissima
1225 2199 1295 2284 lege

249 2301 406 2366 tenebant
447 2297 603 2384 quicquid
639 2299 708 2386 ipse
745 2301 875 2388 legibus
911 2301 1121 2368 saecularibus
1158 2301 1294 2378 dicebat.

250 2401 536 2486 Quotienscunque
582 2401 625 2464 ad
662 2401 782 2488 placita
819 2403 872 2468 vel
910 2405 952 2468 ad
990 2405 1095 2482 ,scires
1129 2405 1292 2490 pergebat,

248 2503 392 2588 undique
407 2525 579 2568 concursus
595 2501 787 2590 populorum
803 2525 877 2568 eum
899 2505 1136 2590 frequentabat,
1157 2505 1292 2590 quisque

247 2627 304 2694 pro
327 2629 386 2672 sua
400 2607 593 2672 necessitate
617 2607 750 2672 consilia
772 2603 873 2694 atque
895 2607 1019 2672 auxilia
1042 2611 1155 2674 contra
1176 2609 1291 2672 adver·
1316 2687 1318 2690 Ι

245 2711 345 2774 sorios
359 2705 529 2774 bumiliter
544 2709 752 2794 postulabat:
784 2709 873 2774 unde
889 2709 1023 2774 comites
1039 2713 1073 2776 et
1088 2709 1290 2774 vicecomites

245 2813 417 2898 cunctique
445 2813 531 2898 regis
555 2813 690 2878 barones
720 2813 881 2900 optimum
905 2813 1123 2880 consiliarium
1145 2813 1289 2878 naturali

243 2915 379 2980 scientia
416 2915 591 3000 praeditum
626 2937 700 2980 eum
723 2921 969 3002 cognoscentes,
995 2915 1086 3002 quasi
1120 2917 1288 2982 dominum

243 3017 337 3080 illum
370 3017 619 3082 venerabantur.
674 3017 719 3082 Et
750 3019 937 3104 ubicunque
969 3019 1125 3084 veniebat
1158 3019 1211 3084 vel
1244 3019 1287 3082 ad

242 3121 364 3184 curiam
396 3119 481 3206 regis
515 3141 572 3184 seu
605 3107 727 3184 alicubi
741 3123 742 3128 ’
756 3121 798 3184 ad
830 3121 949 3208 placita
976 3141 1103 3210 semper
1132 3119 1287 3188 nobilitas

241 3221 409 3286 hominum
432 3223 628 3308 sequebatur
662 3245 745 3298 eum,
777 3227 877 3308 atque
911 3223 1028 3288 humili
1064 3225 1216 3310 obsequio
1255 3223 1285 3288 ei

239 3325 469 3390 famulabatur.
516 3325 637 3390 Iisdem
659 3345 801 3408 namque
828 3327 1030 3412 temporibus
1057 3331 1127 3392 erat
1157 3325 1209 3390 vir
1235 3347 1285 3390 re·

239 3427 373 3512 ligiosus
395 3427 534 3512 simplex
548 3433 582 3492 et
604 3431 711 3490 rectus
734 3425 958 3512 Wigornensis
982 3427 1122 3492 ecclesiae
1137 3427 1284 3504 antistes,

241 3527 408 3594 Wlstanus
432 3529 570 3594 nomine.
617 3529 682 3592 Hic
697 3549 888 3614 cognoscens
912 3529 1065 3594 abbatem
1083 3529 1284 3616 Ageluuium

238 3633 345 3696 virum
395 3633 597 3720 prudentem,
641 3635 710 3694 tam
759 3633 849 3718 apud
885 3653 1003 3716 regem
1051 3651 1149 3716 quam
1194 3631 1283 3720 apud

238 3755 348 3798 ornnes
370 3735 530 3820 principes
553 3733 622 3818 ejus
653 3733 798 3798 saeculari
822 3735 999 3820 prudentia
1022 3737 1054 3798 et
1085 3733 1281 3800 fortitudine

236 3837 413 3920 plurimum
436 3835 551 3912 valere,
569 3837 745 3922 saepissime
768 3837 810 3902 ad
833 3859 866 3902 se
889 3859 1067 3902 convocans
1091 3837 1215 3924 etipse
1238 3835 1281 3902 ad

235 3939 330 4004 illum
351 3939 484 4004 veniens
520 3937 589 4022 ejus
623 3939 754 4004 consilio
786 3945 886 4026 atque
919 3939 1042 4006 auxilio
1066 3941 1221 4006 utebatur
1242 3941 1278 4004 in

235 4039 348 4106 multis
380 4041 581 4108 utilitatibus
614 4041 753 4106 ecclesiae
787 4063 862 4108 suae.
909 4043 983 4122 Qua
1012 4043 1052 4106 de
1081 4065 1116 4106 re
1142 4041 1194 4106 vir
1223 4041 1278 4106 ille

234 4143 428 4208 venerabilis
462 4143 531 4228 ejus
562 4143 663 4208 fretus
696 4145 821 4230 judicio
858 4167 895 4208 ac
932 4145 1126 4210 fortitudine
1166 4165 1276 4228 quam·
1289 4127 1357 4186 AD·
1370 4127 1443 4256 ¹⁰?

234 4245 390 4330 plurimas
401 4255 504 4310 terras
515 4249 613 4310 antea
625 4247 767 4330 perditas
779 4247 963 4330 acquisivit.
1004 4247 1154 4328 Contigit
1165 4253 1274 4310 autem
1288 4211 1395 4328 ἓξὲξ
1412 4209 1452 4274 tp,

233 4367 269 4410 eo
292 4353 435 4434 tempore
469 4345 638 4410 Willielmi
668 4347 753 4430 regis
780 4353 820 4420 ut
848 4337 987 4412 Thomas
1016 4347 1274 4432 archiepiscopus
1287 4347 1439 4424 endeavours

231 4447 367 4514 Eboraci
382 4451 524 4536 prudens
547 4449 643 4514 homo
659 4451 879 4536 episcopatum
896 4449 1118 4534 Wigornensis
1134 4449 1272 4516 ecclesiae
1286 4413 1428 4532 wigii„

230 4553 329 4614 vellet
359 4551 514 4634 subjicere
548 4571 615 4616 sua
650 4551 797 4618 ecclesiae.
857 4553 912 4618 Ad
945 4553 1028 4616 hanc
1046 4573 1129 4616 rem
1164 4551 1271 4618 defen*
1283 4555 1309 4598 10
1321 4547 1360 4640 tis
1371 4561 1420 4640 §⁹⁹-

229 4647 369 4732 dendam
401 4653 480 4718 duas
511 4675 633 4718 marcas
666 4655 739 4718 auri
771 4655 873 4722 abbas
904 4651 966 4720 sibi
992 4639 1214 4720 accomodavit
1236 4627 1433 4750 etfflffiffl

229 4773 327 4820 unam
350 4753 450 4832 dedit,
473 4753 584 4830 etita,
607 4755 677 4820 Deo
701 4757 885 4844 opitulante
899 4763 942 4830 ,ct
964 4757 1083 4832 abbate
1107 4757 1205 4830 verbo
1236 4765 1353 4838 etant]
