3300 5666
483 703 699 758 crrnouroou
713 707 871 760 marma
887 711 933 760 nn
948 709 1121 764 masuam
1256 699 1319 770 275

272 895 426 972 notasset,
449 899 561 962 tamen
593 899 664 962 toto
699 921 736 964 eo
771 897 870 966 anno
893 923 951 986 per
982 899 1124 986 gratiam
1147 899 1210 966 Dei
1233 899 1321 966 vixit
1374 915 1443 968 As).

272 995 342 1064 sine
358 1017 461 1084 novo
494 1003 619 1070 mutuo.
675 1001 720 1078 m
753 1003 790 1068 iu
812 1003 976 1070 'Mortone
1014 1007 1048 1068 et
1081 1001 1253 1068 Lenchwic
1287 1009 1321 1068 et
1359 987 1462 1036 ΜΗ·

272 1097 452 1166 Somborne
475 1105 555 1168 emit
577 1109 710 1168 centum
733 1127 823 1172 acras
848 1111 947 1172 terrae
969 1109 1012 1172 ad
1035 1127 1116 1194 opus
1139 1107 1320 1190 abbatum;

272 1205 307 1268 et
337 1203 538 1272 instauravit
572 1211 703 1272 caruoas
729 1209 769 1272 de
792 1209 876 1274 valle
910 1217 943 1274 et
977 1211 1019 1276 de
1041 1209 1254 1298 Ambreslege
1285 1215 1319 1274 et

272 1307 423 1372 Mortone
445 1313 479 1372 et
494 1383 495 1386 Ἴ
511 1307 717 1396 Sompburne
750 1315 785 1374 et
800 1365 801 1368 ,
817 1311 984 1400 Baddeby‚
1013 1315 1055 1378 ad
1088 1313 1319 1378 fortitudinem

271 1411 371 1474 boum
394 1413 429 1476 et
450 1433 623 1474 numerum
647 1413 704 1496 qui
726 1421 897 1498 nunqu'am
920 1415 1011 1502 prius
1034 1415 1142 1480 fuerat
1163 1415 1200 1480 in
1222 1415 1318 1480 terris

269 1511 342 1580 iliis.
378 1511 522 1600 Sculpsit
547 1515 647 1578 etiam
669 1537 767 1602 super
789 1515 871 1580 duas
893 1517 1026 1582 tumbas
1040 1519 1317 1606 ¹praedecessorum

270 1635 402 1680 suorum
425 1615 466 1680 ad
488 1615 644 1682 honorem
667 1623 701 1682 et
718 1619 941 1706 ostensionem
975 1621 1147 1708 dignitatis
1178 1621 1317 1688 ecclesiae
1399 1625 1402 1628 ’

269 1717 428 1804 imagines
450 1717 656 1804 episcopales,
671 1727 705 1784 et
728 1721 791 1786 sibi
814 1721 876 1808 ipsi
892 1743 966 1784 oum
989 1721 1112 1786 eisdem
1127 1723 1203 1788 fecit
1226 1743 1479 1812 mau·Marlebesg‹

269 1821 393 1886 solemn
416 1825 449 1886 et
471 1821 591 1888 incidit
609 1821 646 1886 in
667 1817 775 1910 lapide
808 1845 987 1890 marmoreo
1010 1827 1213 1912 superposito
1236 1827 1318 1892 ima·
1328 1825 1445 1926 {repares

269 1925 379 2012 ginem
402 1925 618 2012 episcopalem
641 1925 683 1990 ad
698 1927 855 1992 honorem
871 1927 1011 1994 ecolesiae
1023 1953 1032 2008 3
1070 1931 1104 1994 et
1136 1893 1476 2016 assignavitddddden-

269 2027 444 2092 conventui
479 2027 626 2094 redditus
652 2029 781 2116 ‘viginti
823 2031 1001 2096 solidorum
1035 2029 1076 2096 de
1109 2031 1205 2096 terris
1238 2053 1316 2118 quas
1330 2013 1470 2064 salamine.

269 2129 349 2194 emit
371 2153 392 2194 a
414 2129 524 2196 liberis
547 2131 736 2198 hominibus
759 2131 903 2198 abbatiae
926 2135 968 2198 ad
991 2133 1178 2198 faciendum
1200 2135 1317 2222 imper·
1330 2135 1464 2216 Histbene-

269 2239 405 2318 petuum
428 2235 688 2302 anniversarium
722 2237 889 2316 suumin
910 2237 964 2302 die
987 2237 1233 2314 benedictionis
1250 2259 1316 2302 suae
1329 2203 1473 2336 ξῇξῃέζξθζῗ

267 2333 372 2424 ¹usque
407 2339 448 2402 ad
484 2339 609 2404 obitum
642 2361 747 2420 suum,
761 2387 762 2390 ,
775 2345 809 2404 et
827 2339 960 2428 deinde
990 2341 1163 2404 annuatim
1195 2341 1230 2406 in
1249 2341 1316 2406 ¹die
1329 2339 1447 2402 anspra-

269 2441 378 2510 obitus
393 2431 443 2506 sui
460 2443 569 2508 decem
584 2441 710 2508 solidos,
758 2441 801 2506 m
818 2441 920 2528 quum
935 2443 980 2508 sio
997 2433 1134 2508 ditasset
1149 2443 1316 2510 abbatiam
1328 2407 1455 2522 ddhisada-

267 2545 308 2624 de
332 2545 577 2626 contumacus,
601 2549 635 2610 et
656 2549 855 2610 ,conventum
878 2547 918 2610 de
940 2545 1074 2610 redditu
1097 2545 1222 2630 viginti
1244 2537 1461 2610 soli-1³⁰110sits

267 2649 381 2714 dorum
401 2647 522 2732 (omnia
544 2649 585 2714 de
607 2647 704 2712 terris
730 2647 871 2734 emptis),
896 2651 1056 2734 praeterea
1073 2649 1215 2714 secundo
1229 2631 1315 2712 anno
1329 2605 1421 2656 affare.

265 2751 441 2818 assartavit
463 2753 499 2816 in
522 2743 819 2836 Ambresley'duas
842 2753 1009 2814 carucatas
1032 2739 1191 2822 terraede
1217 2747 1316 2814 Ohat·
1332 2703 1394 2748 1231
1415 2705 1437 2750 Ζ

266 2855 378 2942 tesley‚
410 2855 570 2942 acquisita
602 2855 736 2920 licentia
756 2845 786 2918 ¹a
810 2853 970 2944 Waltero·
992 2853 1032 2918 de
1067 2841 1158 2918 BeHo
1192 2851 1314 2940 Oampo
1379 2839 1380 2842 ¹

266 2959 323 3044 qui
345 2959 435 3044 prius
457 2951 583 3044 semper
604 2957 825 3044 impediverab
846 2955 930 3030 illud
953 2959 1115 3020 assartum
1148 2977 1206 3042 pro
1231 2977 1315 3020 com-

257 3083 366 3128 -muna
388 3065 531 3148 pasturae
555 3061 658 3144 quamf
676 3051 723 3124 ibi
747 3059 918 3136 habuerat,
966 3059 1077 3138 Quum
1104 3059 1208 3122 etiam
1240 3079 1314 3122 con·

265 3169 384 3230 ventus
399 3163 535 3228 haberet
549 3167 617 3226 tres
632 3185 756 3228 marcas
779 3161 820 3224 de
836 3161 977 3226 ecclesia*
991 3161 1032 3226 de
1048 3161 1257 3226 Bratfortone
1272 3161 1314 3224 ad

265 3263 416 3350 caseum¹
440 3271 474 3332 et
496 3287 563 3332 non
579 3255 774 3344 sufficerent,
790 3265 853 3328 iste
869 3263 970 3340 abbas
993 3263 1034 3326 ad
1051 3263 1314 3350 supplementum
1420 3295 1421 3298 ¹

198 3439 200 3444 ,
264 3357 357 3434 casei
371 3373 404 3436 et
427 3369 564 3434 aliorum
581 3367 767 3432 defectuum
782 3365 876 3430 dedit
891 3365 1059 3430 residuum
1076 3359 1215 3432 ecclesiae
1238 3385 1313 3430 oon·

264 3473 388 3554 ventui,
406 3471 535 3550 scilicet,
552 3469 724 3560 dimidiam
747 3481 891 3534 marcam
916 3469 958 3532 ad
973 3467 1197 3546 infirmariam,
1214 3473 1248 3534 et
1263 3469 1311 3532 di·

232 3659 237 3668 ,
263 3575 399 3640 midiam
414 3595 556 3638 marcam
578 3575 621 3638 ad
644 3573 744 3664 salsas
760 3573 915 3656 coquinae,
933 3575 967 3636 et
983 3571 1154 3636 dimidiam
1169 3593 1311 3638 marcam

264 3679 306 3746 ad
318 3679 434 3744 vinum
448 3677 485 3740 in
500 3677 674 3742 diesancti
686 3673 864 3752 Vincentii,
878 3677 911 3738 et
926 3673 1097 3740 dimidiam
1113 3695 1256 3740 marcam
1271 3677 1311 3740 ad

264 3781 379 3850 vinum
394 3781 431 3846 iu
453 3767 506 3844 die
523 3779 628 3844 sancti
641 3779 798 3864 'Odulphi
815 3779 849 3842 et
871 3767 1039 3842 residuum
1055 3779 1097 3842 ad
1112 3779 1232 3842 festum
1249 3779 1311 3842 Re·
1364 3817 1368 3838 .

262 3881 461 3972 liquiarum.²
500 3883 569 3948 iste
584 3881 684 3946 etiam
700 3881 801 3946 abbas
824 3881 964 3944 redemit
986 3881 1152 3946 redditum
1169 3881 1311 3968 quinque

263 4007 445 4052 marcarum
474 4007 498 4048 a
535 3983 702 4070 Stephano
735 3983 776 4046 de
809 3983 1029 4048 Fossonovere
1060 3981 1186 4048 domiui
1219 4007 1311 4070 papae

263 4089 471 4168 subdiacono,
487 4109 567 4172 quas
589 4085 805 4172 praedecessor
820 4083 890 4170 ejus
905 4085 1042 4150 dederat
1065 4083 1102 4164 ei,
1118 4085 1239 4150 timens
1262 4107 1310 4162 ue,

262 4193 375 4260 eodem
399 4189 565 4278 Stephano
588 4193 727 4266 mortuo,
751 4187 904 4252 dominus
925 4209 1010 4274 papa
1028 4187 1125 4272 (sicut
1139 4193 1218 4252 tuno
1242 4209 1311 4252 mos

262 4301 333 4360 erat
350 4295 490 4360 ecclesiae
508 4291 677 4376 Romanae)
695 4291 856 4356 conferret
871 4291 1010 4354 eundem
1033 4289 1200 4354 redditum
1215 4289 1311 4354 alteri

262 4397 384 4476 clerica,
410 4395 494 4462 sicut
523 4393 612 4482 prius
643 4383 764 4472 fecerat
793 4379 961 4456 redditum
988 4391 1097 4456 decem
1129 4413 1310 4456 marcarum

263 4521 445 4566 annuarum
461 4521 541 4584 quas
556 4499 647 4584 prius
662 4495 823 4562 habuerat
839 4495 1018 4580 Umfredus
1035 4493 1170 4558 clericus
1185 4493 1310 4560 domini

311 4699 318 4728 ¹
337 4697 444 4768 caccum]
458 4695 561 4758 casium,
573 4687 633 4746 Ms'
712 4691 716 4760 1
795 4691 810 4766 ἶ
824 4689 1005 4754 Reliquicrum]
1019 4677 1193 4754 inhonestum,
1204 4689 1261 4742 Ms.

1115 4773 1177 4836 32
