3308 5666
433 807 634 856 ouaorucou
656 805 816 856 renarra
839 805 885 854 na
908 805 1077 856 avasulu.
1216 791 1277 854 131

230 991 309 1058 sarii
331 995 435 1058 nostri
456 987 478 1058 a
501 993 645 1056 Domino
675 993 831 1058 infatuati
861 991 1031 1058 nobisdum
1052 995 1122 1058 sine
1146 989 1279 1058 distinc-

230 1095 320 1160 tione
343 1095 441 1160 simul
463 1101 497 1160 et
520 1097 619 1160 semel
641 1097 678 1160 in
700 1101 840 1178 utroque
851 1095 976 1180 judicio
992 1093 1086 1158 litem
1102 1093 1278 1160 contestati

231 1203 321 1276 sunt,
343 1193 527 1286 gaudentes
548 1201 683 1286 propter
715 1197 783 1264 litis
805 1197 1090 1264 ‘contestationem
1124 1203 1158 1262 et
1190 1197 1280 1282 cupi-

228 1307 331 1390 entes·
344 1323 537 1386 quocunque
559 1301 667 1378 modo,
682 1305 720 1364 ut
743 1301 841 1364 moris
865 1303 914 1364 est
937 1305 1092 1376 actorum,
1108 1299 1278 1386 pervenire

227 1401 271 1466 ad
302 1423 383 1468 eam.
444 1401 552 1482 Quare
585 1403 811 1468 indifferenter
842 1405 957 1472 testes,
977 1407 1010 1466 et
1042 1399 1173 1466 mixtim
1207 1407 1277 1466 tam

228 1527 325 1592 super
346 1505 546 1592 proprietate
569 1529 668 1592 quam
691 1505 891 1592 possessione
913 1505 1047 1570 admissi
1070 1509 1158 1586 sunt,
1174 1509 1208 1570 et
1223 1505 1277 1582 sic,

229 1609 299 1674 Deo
322 1603 524 1696 disponente,
551 1631 648 1674 causa
678 1607 888 1694 proprietatis
921 1631 996 1672 cum
1027 1631 1125 1674 causa
1156 1613 1279 1696 posses-³

227 1711 330 1778 sionis
352 1711 509 1776 citissime
532 1713 602 1776 sine
626 1713 714 1778 omni
737 1699 895 1776 dilatione
927 1715 962 1776 et
997 1709 1189 1778 difficultate
1206 1719 1278 1776 'ex-

141 1843 150 1866 ·
222 1797 379 1878 'ominata
401 1819 458 1880 est.
507 1811 588 1880 Haec
611 1813 687 1878 ideo
701 1811 796 1878 vobis
818 1811 960 1876 dixerim
976 1813 1053 1898 quia
1076 1813 1105 1878 si
1127 1813 1278 1878 adversa-

226 1913 297 1980 rius
331 1917 444 1980 noster
477 1937 556 1980 usus
590 1915 705 1980 firisset
740 1913 874 1980 consilio
905 1913 996 2000 legis,
1026 1915 1119 2000 prins
1157 1915 1277 2000 egisset
1307 2001 1308 2008 ,

226 2039 357 2106 causam
379 2015 597 2108 possessionis,
616 2023 650 2084 et
666 2021 790 2084 nactus.
807 2015 1043 2102 possessionem
1067 2015 1277 2102 compulisset

210 2143 284 2202 ¹nos
307 2119 476 2192 adonera·
493 2121 726 2206 probationum
749 2119 792 2208 in„
808 2139 906 2206 causa
927 2117 1151 2208 proprietatis,
1174 2125 1208 2184 et
1231 2119 1277 2184 sic

225 2225 261 2286 in
283 2223 380 2308 longa
403 2225 550 2308 tempora
573 2221 755 2288 deferretur
776 2219 979 2314 examinatio
1007 2243 1116 2300 causae
1149 2219 1278 2306 propri·
1355 2225 1358 2234 ”

225 2323 333 2410 etatis,
356 2329 392 2388 ct
414 2325 583 2410 episcopus
606 2323 741 2404 diutius,
766 2323 868 2388 immo
890 2321 977 2388 forte
1000 2345 1103 2408 usquc
1125 2325 1162 2388 in
1184 2323 1278 2388 hodi·

223 2447 339 2490 eruum
362 2425 457 2502 diem,
473 2425 607 2512 gavisus
630 2423 724 2490 esset
738 2423 948 2510 possessione,
964 2423 1050 2492 sicut
1072 2447 1132 2488 nos
1154 2425 1276 2510 gaude·
1328 2445 1330 2450 ‘

223 2549 297 2592 mus
319 2527 360 2592 de
383 2521 584 2614 possessione
602 2525 845 2612 jurisdictionis
867 2524 974 2604 vallis,
1005 2523 1276 2612 praedictaelegis

223 2631 275 2696 usi
298 2629 440 2696 consilio.
477 2627 598 2718 ‚Igitur
632 2651 736 2714 quum
762 2633 902 2692 ventum
937 2633 1021 2698 esset
1053 2627 1096 2692 ad
1130 2626 1276 2714 publica·
1306 2697 1308 2702 ,

222 2729 348 2796 tionem
369 2733 633 2808 attestationum,
654 2735 737 2796 tunc
770 2729 876 2816 primo
909 2729 1071 2794 recordati
1106 2735 1184 2794 sunt
1200 2813 1201 2816 ,
1218 2729 1299 2822 ad-⁸

223 2833 359 2898 versarii
382 2833 487 2898 nostri
512 2831 601 2918 quod
626 2833 729 2898 stulte
751 2831 887 2920 egerint,
910 2837 945 2898 et
968 2837 1152 2918 quaerentes
1178 2831 1275 2916 ‘quod

216 2933 345 3020 judices
367 2935 574 3020 publicarent
596 2939 730 3000 tantum
746 2933 977 3008 attestationes
1000 2933 1041 2998 dc
1062 2933 1272 3022 possessione,

221 3035 294 3102 illas
317 3057 395 3102 vero
417 3037 458 3102 de
479 3035 680 3124 proprietate
703 3041 865 3124 tegerent,
887 3035 982 3102 nobis
1016 3035 1273 3102 reclamantibus

221 3135 268 3202 nc
278 3139 339 3204 boo
354 3137 457 3216 fieret,
472 3137 573 3204 immo
590 3139 742 3204 omnibus
758 3137 932 3224 publicatis
954 3137 1054 3202 simul
1076 3143 1217 3224 utraque
1232 3139 1273 3204 lis

220 3245 327 3304 marte
348 3261 408 3306 suo
430 3239 699 3320 discerneretur,1
715 3239 937 3324 allegantibus
953 3239 1061 3320 xetiam
1083 3239 1179 3304 nobis
1201 3239 1272 3308 haec
1285 3245 1340 3296 The
1351 3263 1405 3326 pre

221 3345 291 3410 fieri
314 3367 506 3434 non‘posse,
530 3345 610 3432 quia
632 3347 682 3412 ita
704 3343 893 3410 commixtae
915 3347 1011 3410 erant
1041 3345 1271 3410 attestationes
1283 3323 1425 3434 {ioum}

220 3449 309 3534 quod
330 3469 539 3534 nequaquam
561 3447 633 3514 sine
655 3445 846 3534 praejudioio
877 3451 912 3512 et
943 3447 1131 3512 discrimine
1156 3449 1270 3532 'partis
1283 3449 1419 3528 tusaobey

220 3557 342 3616 nostrae
365 3551 447 3636 quin
470 3549 588 3636 aliquae
611 3547 816 3634 publicandae
847 3551 1039 3634 tegerentur
1061 3551 1096 3612 et
1118 3515 1438 3644 tegendaefflffifffigff

219 3652 467 3740 publicarentur
489 3655 643 3740 poterant
665 3649 808 3740 separari
822 3649 968 3736 ;-quasi
1002 3649 1269 3738 impossibilitate
1282 3647 1397 3698 annuat

383 3755 389 3770 .
520 3755 526 3770 .
565 3755 572 3770 .
811 3755 818 3770 .
1088 3753 1095 3768 ,
1283 3713 1312 3762 oi
1319 3713 1361 3774 the
1373 3713 1436 3766 Val-

219 3755 391 3842 separand1
407 3761 583 3834 constr1ct1,
601 3777 711 3820 omnes
727 3753 980 3842 pubbcaverunt
996 3775 1004 3834 3
1020 3761 1054 3820 ct
1068 3775 1115 3818 src
1131 3761 1269 3840 utraque
1282 3781 1323 3844 rey
1335 3787 1360 3830 to
1371 3783 1413 3832 the

220 3879 316 3924 causa
339 3857 437 3924 simul
459 3851 650 3922 exaurinata
671 3863 731 3936 cst,
756 3861 791 3920 et
813 3851 1003 3942 adjudicata
1035 3861 1085 3920 est
1118 3857 1269 3944 episcopo
1283 3849 1436 3980 ffilaqffid

218 3961 385 4028 restitutio
407 3961 512 4046 plenae
530 3959 771 4044 jurisdictionis
801 3959 839 4024 in
872 3981 932 4026 nos
952 3963 1000 4024 'et
1031 3961 1269 4026 monasterium
1281 3983 1423 4042 ernasto,

218 4069 378 4128 nostrum.
437 4061 543 4128 Nobis
575 4085 657 4142 uero
692 4061 851 4148 possessio
885 4061 990 4148 plenae
1025 4059 1268 4146 jurisdictionis
1281 4047 1427 4176 {ssoffiqo

219 4163 315 4230 vallis
347 4163 451 4228 totius
473 4169 642 4230 reservata
672 4169 732 4242 est,
763 4167 798 4226 et
830 4163 972 4228 absoluti
1006 4169 1124 4228 sumus
1141 4163 1183 4226 ab
1205 4163 1266 4226 im·
1279 4195 1352 4246 years
1361 4183 1427 4234 from

218 4265 378 4352 petitione
400 4265 542 4352 episcopi
565 4265 602 4330 in
624 4265 817 4352 possessorio
834 4249 961 4352 judicio
976 4265 1017 4330 de
1033 4263 1265 4350 jurisdictione
1277 4247 1433 4368 ffignssssffignt

217 4367 422 4432 ecclesiarum
444 4367 560 4446 vallis;
581 4373 616 4432 et
638 4367 756 4430 missus
779 4373 830 4432 est
863 4367 1032 4454 episcopus
1064 4367 1101 4432 in
1133 4367 1263 4452 plenam
1278 4381 1425 4436 ottheson

218 4549 370 4558 fflffl

250 4653 455 4720 ¹discerncrctcr]
487 4651 552 4704 This
567 4655 645 4716 word,
663 4653 768 4706 omitted
792 4659 819 4702 at
833 4651 891 4700 ,first
908 4653 936 4702 in
953 4655 997 4704 the
1014 4659 1070 4704 text
1085 4655 1139 4706 aud¹
1154 4653 1265 4706 inserted

217 4732 242 4782 in
254 4733 297 4790 the
308 4731 414 4798 margin,
426 4731 448 4782 is
459 4731 582 4808 doubtful.

1049 4815 1170 4904 125-
