3300 5666
444 715 642 766 onnonroon
658 715 812 766 annana
827 717 873 766 nn
889 717 1057 772 erasnm.
1230 699 1272 768 23

194 929 195 936 κ
232 895 278 956 Et
300 893 459 980 condigne
482 893 570 956 satis.
619 893 780 980 Futurum
810 891 897 956 enim
920 897 989 958 erat
1012 895 1060 968 ut,
1084 913 1121 956 eo
1141 911 1271 958 reverso

230 995 266 1062 iu
289 995 436 1082 patriam,
470 1017 512 1060 ex
536 1017 589 1062 ore
611 993 681 1080 ejus
711 995 851 1062 fluerent
874 1015 968 1080 aquae
990 995 1086 1074 vivae,
1121 995 1272 1072 salientes

217 1099 266 1164 ¹iu
300 1097 406 1164 vitam
440 1103 605 1178 aeternam,
639 1103 672 1164 et
705 1121 762 1184 per
790 1097 889 1166 'verbi
909 1097 984 1184 ejus
1007 1103 1195 1164 ,attractum
1229 1121 1271 1164 ex

231 1203 411 1292 montuosis
434 1209 468 1268 et
491 1203 612 1292 saxosis
635 1199 1135 1286 cordibus'auditorumffDivini
1165 1203 1272 1288 gratia

203 1377 204 1380 Ἴ
230 1307 350 1370 amoris
376 1311 410 1370 et
434 1305 654 1392 spiritualium
681 1305 815 1370 dulcedo
843 1305 1005 1392 prosiliret
1031 1305 1202 1382 virtutum,
1229 1305 1271 1368 ad
1370 1361 1373 1370 i

139 1451 142 1460 0
231 1409 312 1496 Ejus
343 1407 481 1494 gloriam
497 1409 573 1494 Qui
596 1407 682 1474 vivit
716 1413 750 1476 et
784 1415 900 1496 regnat
931 1431 990 1496 per
1016 1409 1125 1476 omnia
1155 1409 1272 1474 saecula

140 1513 141 1516 ’
231 1513 429 1580 saeclorum.
476 1511 591 1582 Amen.
685 1571 686 1574 ,
1156 1529 1181 1540 ·

230 1799 279 1868 De
301 1781 524 1874 &accersione
546 1803 744 1882 Aleccstro'oa
770 1809 798 1868 ct
820 1775 923 1890 cccco
951 1803 1052 1890 fodri
1082 1801 1133 1872 tbi
1163 1805 1271 1890 cipere

627 1929 706 1984 aca—
719 1913 888 2006 poseant..

234 2091 235 2094 ¹
275 2059 448 2142 Quoddam
480 2057 687 2126 miraculum·
704 2081 763 2146 per
795 2059 930 2126 beatum
962 2059 1156 2148 Ecgwinum
1194 2059 1273 2124 dum
1286 2049 1437 2124 Miraoalous

123 2181 125 2184 ·
230 2163 336 2228 adhuc
367 2165 438 2236 luce
464 2163 525 2246 hac
551 2163 714 2230 frueretur
739 2169 972 2250 perpetratum,
999 2165 1074 2228 stilo
1092 2163 1273 2252 ¹perfectius
1286 2141 1437 2258 ξξῇᾚζξ
1471 2239 1472 2242 ¹

230 2267 519 2332 commendandum
535 2267 654 2332 nostris
666 2267 866 2354 temporibus
881 2271 932 2330 est
943 2273 1152 2332 reservatum.
1179 2267 1273 2348 Quod

230 2369 301 2434 ideo
335 2369 371 2432 in
398 2371 469 2434 vita
499 2391 558 2434 sua
591 2365 756 2434 neminem
788 2369 1056 2456 praedecessorum
1086 2375 1273 2434 nostrorum

230 2471 391 2558 scripsisse
416 2471 581 2552 credimus,
607 2471 684 2558 quia
706 2495 762 2558 per
784 2471 888 2558 ipsius
915 2471 993 2536 facti
1017 2473 1218 2538 euidentiam
1241 2477 1274 2536 et

230 2573 393 2660 publicam
431 2573 584 2638 notitiam
627 2573 771 2660 ejusdem
809 2573 957 2648 miraculi
997 2573 1130 2660 dignam
1153 2575 1273 2640 'adhuc

230 2675 405 2742 habeamus
426 2677 625 2756 memoriam,
642 2697 701 2740 nec
724 2677 765 2740 ab
782 2675 952 2740 hominum
973 2675 1104 2740 recedat
1119 2665 1274 2742 memoria

230 2781 317 2868 quod
339 2779 445 2848 adhuc
475 2779 636 2868 probatur
660 2777 725 2846 fide
749 2777 900 2846 occulata.
962 2777 1027 2848 Sed
1050 2779 1128 2868 quia
1150 2779 1274 2866 fugacis

231 2885 295 2950 aevi
325 2885 546 2974 longinquitas
577 2881 742 2970 gestorum
770 2883 963 2950 solemnium
977 2885 1171 2948 'memoriam
1196 2885 1274 2948 abo·

229 2987 284 3066 let,
308 2993 342 3052 et
374 3009 447 3072 quae
481 2985 608 3074 publice
630 2987 716 3050 facta
749 2987 884 3050 fuerunt
917 2987 1079 3074 profunda
1110 2985 1273 3050 oblivione

230 3089 412 3176 sepeliendo
445 3095 603 3174 tanquam
635 3087 757 3154 infecta
787 3089 921 3154 reddere
954 3089 1102 3166 festinat
1124 3089 1273 3176 longaevo

230 3191 352 3256 veracis
386 3191 498 3278 scripti
535 3191 723 3258 testimonio
755 3191 837 3256 illud
872 3197 1077 3278 posterorum
1110 3191 1274 3258 memoriae
1303 3279 1305 3284 ,

230 3293 438 3360 tradendum¹
458 3295 594 3380 dignum
628 3295 790 3358 duximus.
846 3293 922 3360 Tale
950 3295 1035 3380 „quid
1061 3295 1150 3384 ¹circa
1179 3281 1275 3358 illum

231 3397 417 3462 divinorum
429 3393 647 3474 secretarium,
660 3389 792 3462 beatum
804 3397 957 3462 videlicet
968 3395 994 3464 J
995 3397 1154 3462 ohannem
1165 3397 1275 3486 Evan—
1338 3443 1339 3446 ,

231 3497 389 3586 gelistam,
406 3497 577 3586 contigisse
593 3499 732 3584 legitur:
756 3519 857 3586 quum
873 3499 960 3562 enim
971 3505 1039 3564 tres
1055 3499 1275 3586 Evangelistce

140 3665 142 3670 s
230 3601 320 3686 prius
335 3623 372 3668 eo
396 3599 598 3690 scripsissent
614 3601 841 3688 Evangelium‚
858 3601 969 3666 nullus
982 3601 1114 3666 illorum
1136 3603 1173 3666 in
1194 3601 1274 3666 serie

231 3705 281 3768 sui
305 3705 476 3792 Evangelii
497 3705 555 3770 illa
589 3703 653 3768 duo
677 3705 849 3794 praecipua,
872 3705 981 3786 imma
1007 3703 1155 3790 quamvis
1177 3705 1275 3768 mira·

231 3797 310 3870 bilia
333 3807 486 3892 universa
508 3807 645 3870 Domini
668 3827 772 3894 opera,
796 3827 872 3894 praa
887 3807 1013 3872 caeteris
1034 3811 1148 3872 tamen
1170 3807 1275 3872 excel-

230 3907 391 3974 lentiora1
425 3909 595 3986 mirabilia,
620 3909 660 3974 de
692 3911 771 3974 coeci
801 3909 875 3974 nati
906 3907 1146 3974 illuminatione
1178 3909 1274 3974 etde

230 4011 440 4098 quatriduani
475 4011 589 4076 Lazari
623 4009 751 4098 scripsit
790 4009 1080 4092 resuscitatione23
1127 4011 1275 4096 quamvis

230 4121 341 4180 tamen
362 4115 458 4180 beato
482 4113 687 4200 Hieronymo
710 4113 894 4178 mirabilius
916 4115 1070 4180 videatur
1096 4115 1184 4200 quod
1207 4113 1273 4178 Do-

230 4217 337 4280 minus
363 4221 474 4280 noster
497 4215 523 4280 J
524 4217 634 4280 udaeos
657 4221 800 4280 ementes
826 4221 860 4280 et
881 4217 1062 4282 vendentes
1083 4215 1120 4278 in
1142 4215 1273 4300 templo,

231 4319 288 4384 ubi
308 4319 396 4384 idem
410 4319 434 4384 J
436 4319 523 4384 udaei
538 4317 800 4398 dominabantur,
816 4319 943 4406 flagello
960 4341 1002 4382 ex
1020 4317 1173 4382 funiculis
1188 4317 1273 4382 facto

231 4423 270 4486 de
287 4423 414 4492 ,eodem
446 4421 567 4510 templo
600 4421 738 4508 ejecerit,
766 4423 852 4508 quod
883 4421 1060 4486 immensus
1090 4419 1275 4486 exercitus³

264 4649 271 4680 ¹
284 4649 460 4716 excellentiora]
475 4649 701 4718 exacuminans
753 4715 754 4718 ¹
818 4647 828 4680 Β
841 4649 971 4716 coercitus]
984 4649 1131 4716 excercitus,
1143 4649 1198 4702 MS.

265 4731 476 4798 manducone]
488 4729 669 4792 rotundatione,
676 4723 732 4784 MS.
