3300 5666
335 765 398 892 34Ι
533 801 731 852 canonicos
754 801 921 856 seraonew
934 803 979 854 ou
1002 799 1170 854 nnosnau.

336 983 417 1056 prius
443 1007 460 1044 a
488 989 606 1044 flumine
627 989 750 1060 Anglico
774 989 883 1058 piscem
909 987 946 1042 ad
969 989 1155 1044 refectionem
1174 989 1304 1056 conservi
1328 987 1374 1044 sui

338 1071 423 1142 beati,
437 1075 573 1132 videlicet
587 1073 726 1146 chwini,
741 1073 864 1150 Romam
871 1073 1047 1140 traduxerat,
1061 1093 1136 1130 nuuc
1155 1073 1256 1130 eadem
1266 1075 1374 1130 virtute

339 1161 449 1232 piscem
468 1163 545 1216 hunc
565 1179 582 1214 a
601 1159 673 1214 mari
691 1177 797 1230 magno
823 1159 859 1214 ad
878 1157 956 1214 idem
974 1159 1081 1216 flumen
1098 1159 1265 1230 Angliomn,
1279 1149 1377 1214 contra
1435 1215 1436 1218 ,
1492 1171 1493 1174 ’

342 1247 459 1304 solimm
477 1263 594 1300 cursum
611 1241 777 1314 hujusmodi
797 1243 911 1316 generis
931 1243 1065 1314 piscium,
1087 1243 1123 1298 ad
1141 1243 1377 1302 sustentationem

343 1349 491 1392 servorum
509 1335 538 1384 et
555 1333 756 1386 veneratorum
774 1327 905 1400 ejusdem
924 1327 1085 1406 coepiscopi
1098 1327 1144 1386 sui
1160 1327 1377 1388 transmisisse?

740 1647 843 1706 Lnorro
861 1649 920 1714 IX,

182 1825 336 1880 Miraculous
383 1815 486 1872 Adime
515 1813 596 1870 aliud
620 1813 792 1870 miraculum
822 1821 888 1886 post
911 1817 1118 1888 depositionem
1132 1867 1133 1870 ,
1146 1813 1224 1874 beati
1253 1817 1384 1890 chwini

182 1897 274 1972 τθῙθβὲθ
285 1891 337 1942 Osa
350 1919 400 1974 per
413 1899 475 1970 ejus
486 1901 591 1956 merita
603 1917 620 1954 a
631 1899 754 1956 Domino
765 1905 920 1972 patratum,
935 1901 972 1954 ad
985 1901 1142 1972 superioris
1155 1901 1233 1972 quod
1244 1901 1385 1958 Dominus

182 1965 297 2078 ffiffig
349 2003 453 2058 proco
474 1985 544 2040 dum
563 1985 595 2042 in
617 1983 672 2042 hac
691 1985 752 2042 vita
770 1991 847 2042 esset
867 1985 979 2062 operari
998 1983 1152 2056 dignatus1
1172 1991 1216 2042 est
1240 1985 1386 2054 confirma-

184 2092 287 2144 selfsm.
350 2071 467 2138 tionem,
488 2069 520 2124 in
540 2069 668 2128 medium
687 2071 871 2128 deducamus.
917 2069 1047 2140 Quodam
1065 2071 1122 2126 alio
1139 2069 1239 2142 'itaque
1259 2075 1388 2144 tempore

185 2159 316 2224 posedfet-
351 2155 396 2210 vir
421 2155 540 2226 quidam
558 2155 717 2212 scelerosus
725 2155 744 2222 2,
772 2157 854 2228 quasi
873 2157 946 2212 alter
969 2157 1019 2210 ille
1045 2157 1119 2210 latro
1144 2155 1194 2228 qni
1219 2173 1235 2210 a
1265 2155 1389 2212 dentris²³

185 2235 242 2280 101⁵·
353 2239 446 2294 crucis
467 2237 627 2296 Dominicae
645 2241 677 2296 in
695 2259 780 2296 cruce
800 2239 978 2310 dependebat
997 2245 1025 2296 et
1046 2237 1173 2294 scelera⁴
1197 2257 1250 2296 sua
1267 2239 1389 2298 Domino

353 2323 550 2390 confitebatur,
570 2343 622 2398 pro
642 2325 701 2380 suis
720 2325 846 2382 reatibus
866 2323 928 2380 Deo
947 2329 1133 2394 spontaneam
1156 2325 1295 2398 ultionem
1314 2325 1391 2378 exhi·

353 2409 454 2474 bendo,
476 2427 580 2466 novem
598 2411 722 2466 vinculis
741 2411 843 2466 ferreis
863 2427 894 2464 se
918 2409 1051 2466 astrinxit
1069 2409 1100 2464 in
1118 2409 1242 2466 diversis
1266 2407 1392 2480 corporis

355 2495 401 2546 sui
418 2491 556 2548 membris
566 2493 585 2548 ⁵.
623 2487 688 2562 Qui,
710 2513 768 2548 non
785 2491 942 2548 Dominum
959 2497 1073 2548 tentans
1096 2493 1147 2548 sed
1163 2491 1394 2548 Divinmvolun·

306 2647 307 2652 Ἰ
355 2577 408 2632 tati
419 2595 471 2648 per
484 2573 580 2632 omnia
598 2593 629 2632 se
648 2575 813 2648 subjiciens,
834 2577 910 2648 apud
929 2577 1117 2648 semetipsum
1135 2571 1265 2634 decrevit'
1283 2595 1313 2634 se
1325 2595 1395 2630 nun-

358 2677 444 2730 quam
464 2661 499 2714 ab
522 2659 569 2714 iris
591 2661 714 2716 vinculis
740 2661 851 2730 absolvi
868 2661 927 2716 nisi
950 2663 1091 2718 Dominus
1115 2661 1200 2714 illum
1216 2669 1247 2714 'a
1272 2659 1395 2718 vinculis

314 2813 316 2818 ,
356 2749 540 2812 peccatorum
564 2745 727 2800 ostenderet
755 2743 927 2798 absolutum.
965 2745 1063 2816 Digna
1084 2743 1175 2816 igitur
1193 2763 1245 2816 pro
1263 2743 1347 2800 factis
1367 2761 1397 2800 sc

359 2829 457 2882 subire
482 2827 640 2894 coufessus,
662 2847 719 2882 non
743 2825 779 2882 de
805 2829 864 2884 suis
884 2827 997 2886 meritis
1019 2829 1152 2894 confisus,
1178 2829 1230 2884 sed
1252 2827 1398 2884 laboribus

359 2913 512 2978 desudans,
530 2911 650 2984 jejuniis
672 2917 700 2968 et
722 2913 896 2970 orationibus
921 2911 1067 2978 insistens,
1086 2913 1198 2968 meritis
1219 2917 1247 2968 et
1265 2913 1398 2984 precibus

361 3003 524 3054 sanctorum
537 3015 567 3052 se
581 2997 792 3062 commendans,
806 2997 877 3052 ferri
894 2999 949 3052 boc
967 3015 1085 3068 pressus
1103 2997 1230 3068 pondere
1242 3015 1294 3068 per
1307 2999 1401 3052 diver-

362 3101 459 3138 sorum
476 3079 578 3136 limina
599 3085 763 3136 sanctorum
780 3099 915 3152 pergens,
942 3085 975 3136 ut
999 3101 1016 3136 a
1033 3081 1158 3138 vinculis
1183 3087 1243 3136 tam
1273 3081 1400 3152 corporis

363 3185 449 3238 quarn
468 3167 570 3220 animm
583 3161 977 3222 absolvereturdevotissime
996 3165 1167 3236 postulabat.
1207 3165 1297 3236 Oujus
1316 3165 1402 3220 fidem

364 3255 393 3304 et
411 3269 501 3320 spem,
521 3267 631 3304 necnon
650 3249 742 3306 cordis
765 3249 1123 3314 contritionemlaborem
1148 3255 1177 3306 et
1201 3251 1296 3320 operis
1321 3249 1403 3306 satis-

364 3335 526 3398 factionem,
548 3333 688 3390 Dominus
713 3353 747 3388 ex
774 3335 831 3390 alto
855 3333 1043 3406 prospiciens,
1066 3335 1128 3404 jam
1150 3353 1202 3406 per
1222 3333 1403 3390 diversorum

367 3423 531 3474 sanctorum
548 3417 660 3482 merita,
681 3437 752 3490 quos
771 3417 848 3472 idem
865 3417 1008 3488 poenitens
1027 3419 1058 3472 in
1081 3417 1351 3488 circumjacentibus
1376 3423 1405 3472 et

367 3503 452 3572 longe
464 3501 566 3572 positis
579 3503 746 3572 regionibus
758 3519 810 3572 per
826 3503 919 3556 multa
938 3505 1101 3572 temporum
1123 3501 1267 3566 curricula
1285 3503 1404 3566 adierat,

370 3591 432 3646 octo
449 3587 571 3642 circulos
590 3587 698 3644 ferreos
717 3587 822 3658 quibus
840 3589 937 3644 fuerat
957 3587 1092 3644 astrictus
1112 3585 1291 3644 dissolverat.

809 3859 913 3914 linono
931 3857 969 3914 X.

409 4009 492 4066 Nono
510 4027 579 4066 vero
598 4009 705 4068 circulo
724 4011 825 4066 durius
844 4011 1068 4084 astringebatur,
1089 4029 1174 4066 carue
1198 4009 1334 4068 videlicet
1357 4013 1410 4066 cir·

376 4113 556 4168 cumquaque
580 4097 798 4164 intumescente,
830 4115 915 4168 super
941 4115 997 4168 quo
1017 4097 1201 4154 dissolvendo
1224 4097 1413 4170 principalem

377 4187 549 4254 potestatem
572 4183 708 4238 habentes
728 4187 788 4238 tam
805 4199 923 4254 corpora
942 4201 1029 4254 quam
1048 4183 1156 4238 animas
1175 4181 1286 4254 ligandi
1310 4187 1339 4238 et
1358 4183 1414 4238 sol-

379 4265 474 4332 vendi,
495 4267 595 4324 beatos
615 4267 751 4324 videlicet
768 4265 921 4338 Apostolos
947 4267 1069 4326 Petrum
1088 4273 1117 4324 et
1134 4267 1268 4332 Paulum,
1292 4265 1413 4324 credidit

385 4453 527 4462 .....,......ιο.-..,..,.

415 4559 559 4628 ¹di9uotus]
574 4561 679 4626 digatuS,
691 4561 747 4612 MS.
956 4559 1079 4626 *scelcro]
1093 4561 1179 4622 celera,
1193 4559 1249 4612 MS,

416 4639 576 4704 ²scclcrosus]
591 4643 720 4700 celerosus‚
731 4641 787 4690 MS.
891 4711 894 4716 Δ
957 4643 1098 4706 5rncmtris]
1112 4641 1230 4702 menbris,
1241 4641 1299 4692 MS,

392 4757 393 4760 η
416 4723 426 4750 ⁸
437 4717 539 4784 dextris]
554 4717 648 4780 destris,
659 4717 715 4766 MS.
