3300 5666
258 1181 560 1280 erroneos
590 1193 943 1302 soranam
971 1149 1245 1286 nursam.

611 1473 857 1490 ΝΧΛὼῚΜΛΝΜνΜῊΜ
860 1475 882 1490 xcv
886 1453 912 1490 vbi*

226 1697 361 1786 Incipit
391 1697 556 1790 Prolopus
578 1693 621 1760 ia
643 1685 769 1764 Vitam
784 1695 869 1762 tecti
890 1695 1215 1784 Epmiaillpieoopi
1241 1703 1270 1760 ot

292 1799 528 1886 *Cbofossoou'a
555 1807 585 1866 ct
611 1799 650 1864 de
677 1799 864 1866 Miroculis
892 1821 966 1886 quoa
987 1799 1080 1864 Deus
1094 1821 1175 1886 ¹pcc
1192 1821 1268 1898 emm

310 1903 401 1976 ,dorm
423 1903 484 1978 buo
509 1901 673 1968 cantabili
698 1903 768 1968 luco
792 1901 906 1968 adbuc
928 1903 1108 1988 frueretur
1130 1901 1269 1988 operosi

313 2007 480 2090 <lipacius
510 2013 562 2086 est,
605 2003 717 2070 editus
753 2027 776 2072 o
806 2001 989 2094 Dominico
1024 2003 1148 2072 Priore
1187 2007 1268 2070 Eoo·

311 2107 459 2176 stomata
920 2105 925 2110 ’

266 2231 479 2304 Drvm'oamn
500 2237 598 2304 series
635 2243 669 2304 et
701 2237 843 2304 altitudo
876 2237 1119 2324 mysteriorum,
1144 2245 1266 2324 quanto

224 2341 345 2428 saepius
368 2341 534 2418 recitator,
558 2341 719 2408 attentius
742 2343 885 2422 auditur,
909 2341 1100 2428 diligentius
1124 2333 1266 2408 conside-

221 2449 320 2526 ratur,
351 2451 443 2510 tauto
467 2443 631 2510 audientis
653 2447 782 2510 animus
805 2445 921 2512 auditu
946 2445 1142 2534 expavescit,
1165 2443 1266 2510 admi-

122 2553 123 2556 ’
221 2549 345 2614 ratione
365 2547 573 2636 obstupescit,
591 2549 830 2636 magnitudinis
853 2549 1111 2616 consideratione
1135 2571 1264 2614 evanes-

221 2655 288 2732 cit3
323 2653 411 2716 unde
437 2651 618 2728 Psalmista,
655 2653 797 2720 Accedet
832 2653 929 2716 homo
953 2651 994 2716 ad
1019 2675 1072 2716 cor
1094 2651 1207 2728 altum,
1232 2659 1265 2718 et
1276 2669 1317 2720 Ps.
1328 2671 1388 2724 lxiv.
1400 2677 1422 2722 o.

220 2753 418 2820 exaltabitur
430 2753 528 2818 Deus
575 2753 705 2832 Quanto
726 2755 813 2818 enim
837 2755 932 2818 homo
955 2753 1105 2818 accedere
1128 2761 1161 2818 et
1176 2775 1262 2818 acce-

179 2917 182 2922 .
219 2857 324 2920 dendo
347 2857 517 2922 ascendere
540 2855 581 2920 ad
610 2855 717 2922 Deum
744 2857 871 2936 nititur,
898 2861 991 2920 tanto
1008 2855 1098 2922 Deus
1122 2855 1261 2920 exaltari
1365 2941 1369 2948 .

148 2979 156 2996 ··
218 2963 251 3024 et
282 2959 454 3024 exaltando
478 2957 619 3044 elongari
643 2957 846 3046 conspicitur.
908 2957 994 3022 Nam
1026 2981 1127 3044 quum
1157 2981 1263 3024 saevus

128 3099 129 3102 =
216 3061 306 3126 furor
329 3059 495 3126 Chaldaici
526 3061 610 3146 regis
634 3067 699 3126 tres
721 3060 795 3126 illos
818 3083 860 3124 ex
883 3059 990 3126 Judea
1018 3067 1115 3146 gente
1146 3083 1263 3148 pueros

215 3163 251 3230 in
266 3163 428 3230 fornacem
443 3163 592 3244 misisset,
609 3163 777 3250 ipsamque
801 3163 962 3230 fornacem
985 3163 1055 3250 pice
1079 3185 1116 3230 ac
1139 3163 1262 3230 caeteris
1341 3251 1343 3254 Ι

215 3267 340 3350 ignium
363 3267 515 3332 fomentis
536 3265 684 3330 succendi
702 3265 896 3330 omnimodis
920 3265 1122 3344 elaborasset,
1139 3271 1262 3352 quanta

215 3369 338 3432 divinae
369 3367 434 3432 fuit
468 3367 645 3432 eminentia
675 3367 787 3452 gloriae
823 3367 910 3452 quod
944 3365 992 3430 illi
1026 3389 1083 3452 per
1113 3367 1260 3432 flammas

215 3469 310 3536 illaesi
334 3469 596 3548 deambulabant,
632 3461 792 3554 hymnum
828 3469 899 3534 Deo
934 3467 1101 3548 canebant,
1127 3473 1259 3554 tamque

214 3593 341 3636 morosa
375 3579 409 3638 et
440 3571 589 3636 ordinata
620 3571 854 3658 supputatione
887 3571 1041 3634 universa
1076 3569 1139 3656 Dei
1163 3593 1258 3656 opera
1285 3573 1286 3576 ’

212 3675 254 3740 ad
270 3673 378 3760 Ipsius
400 3663 532 3738 laudeni
546 3673 788 3760 provocabant!
836 3673 913 3760 Ipsa
935 3673 1070 3758 tyranni
1093 3671 1198 3736 rabies
1219 3671 1269 3764 id

212 3777 392 3842 contuendo
417 3775 573 3840 exterrita
595 3775 776 3860 pertimuit.
831 3775 981 3864 Denique
1004 3775 1088 3862 alius
1110 3775 1254 3860 ejusdem

211 3879 337 3964 imperii
375 3883 536 3962 tyrannus
572 3899 672 3962 quum
711 3877 884 3942 Danielem
915 3879 951 3942 in
981 3879 1093 3942 lacum,
1125 3877 1255 3942 leonum

210 3965 359 4060 misisset,
383 3985 417 4044 et
438 3979 526 4066 ipsos
548 3980 658 4044 leones
680 3979 779 4064 longa
801 3979 1060 4062 dierum'inedia
1083 3981 1255 4046 saevientes
1308 3971 1309 3974 ¹

209 4081 245 4144 in
279 4081 383 4168 ipsam
422 4103 513 4166 paene
556 4081 681 4146 rabiem
725 4081 947 4162 convertisset,
986 4087 1111 4166 quanta
1148 4081 1255 4146 virtus

210 4183 323 4248 divina
353 4169 496 4264 emicuit,
542 4185 629 4268 quod
671 4185 790 4262 leones,
830 4185 916 4248 fame
953 4207 1084 4270 prorsus
1123 4185 1253 4264 addicti,
1335 4201 1337 4204 ·

209 4307 313 4350 coram
330 4285 488 4352 sevirum
512 4285 697 4370 expositum
713 4275 874 4350 videbant
897 4291 931 4350 et
945 4285 1036 4350 nullo
1053 4307 1127 4348 eum
1144 4307 1254 4352 morsu

209 4387 368 4472 attingere
383 4387 571 4452 audebant!
620 4387 696 4472 Ipse
720 4393 881 4472 tyrannus
903 4379 940 4450 id
962 4387 1124 4472 condigna
1148 4389 1254 4452 extol-

207 4487 275 4552 lens
299 4479 523 4566 admiratione,
555 4487 592 4550 in
625 4511 739 4554 vocem
770 4487 877 4552 laudis
908 4493 1008 4574 atque
1043 4489 1253 4554 confessionis

207 4591 363 4670 potentiae
378 4611 528 4676 supernae
545 4585 675 4676 erupit¹
703 4591 986 4670 Quemadmodum
1001 4613 1078 4656 vero
1095 4593 1155 4656 sub
1171 4597 1254 4654 tem·
1311 4655 1314 4664 ,
1410 4589 1413 4602 ’

207 4691 339 4772 poribus
362 4691 450 4776 legis
467 4711 549 4774 quse,
567 4691 651 4760 sicut
673 4691 723 4754 ait
737 4679 924 4774 Apostolus,
941 4691 1023 4754 iram
1048 4693 1252 4778 operabatur,

171 4813 204 4896 (ἦ
296 4829 354 4874 2625.
658 4817 659 4820 ’
1031 4853 1032 4856 =
1099 4805 1122 4852 Α
