3300 5666
454 797 664 902 'aanorroor
688 837 843 896 aaaron
869 835 914 884 nr
938 831 1107 890 avrsrrarr.
1232 825 1294 890 109

572 1451 771 1516 Paarrooaa
793 1449 967 1518 Saovrnr.

249 1639 384 1728 Ioietptr
402 1641 581 1726 providendo
607 1643 755 1732 seobordo
779 1643 924 1728 qrvcditor
950 1643 1124 1730 episeopus
1148 1645 1294 1710 morario-

338 1745 424 1810 oorit
439 1767 471 1808 so
491 1751 674 1808 voratorem
692 1765 795 1810 ooaso
815 1743 1032 1824 visitationis,
1057 1753 1085 1810 ot
1109 1747 1175 1832 [do]
1192 1745 1293 1834 sotao

340 1867 495 1934 vaspoorso
519 1845 652 1912 obbatis,

296 2063 339 2128 IN
374 2063 487 2128 diebus
519 2061 585 2126 illis
620 2067 690 2128 erat
729 2063 882 2128 dominus
916 2063 1094 2150 Maigerius
1125 2063 1459 2150 episeopusn.o.1aoa¹

251 2165 436 2256 Wigorniae,
453 2167 505 2232 vir
524 2167 633 2252 justus
649 2171 683 2230 et
698 2167 818 2234 timens
833 2165 948 2234 Deum.
996 2157 1063 2232 Iste
1087 2167 1216 2232 abbatis
1240 2189 1295 2232 ex·
1308 2175 1427 2252 malgero,

250 2273 510 2338 ordinationibus
527 2271 700 2338 condolens
722 2279 757 2338 et
779 2277 900 2340 nostrae
923 2271 1061 2338 miseriae
1084 2273 1293 2358 compatiens,
1307 2243 1454 2372 ivffissfsslsss‘t‘gr,

184 2433 185 2436 ,
249 2377 318 2440 zelo
341 2375 426 2440 bono
450 2375 839 2462 duetus-indulgentiam
856 2399 876 2440 a
891 2375 1022 2442 domino
1045 2397 1129 2462 papa
1152 2375 1295 2440 maxime
1307 2375 1394 2452 eraims
1406 2377 1458 2426 tha

249 2485 380 2564 propter
395 2477 625 2560 correctionem
642 2485 747 2544 status
771 2481 884 2560 nostri,
901 2483 939 2544 ut
962 2477 1029 2564 ipse
1053 2501 1139 2564 saepe
1158 2477 1294 2552 dicebat,
1307 2443 1461 2576 ssssiin‘gthe

249 2583 449 2668 impetravit,
476 2581 631 2648 videlieet
654 2587 692 2648 ut
715 2581 829 2648 lioeret
860 2583 923 2648 sibi
946 2581 1095 2646 eoelesias
1125 2581 1296 2646 diocesano
1307 2573 1393 2642 aabey,

248 2687 318 2774 lege
343 2687 404 2752 sibi
439 2687 609 2772 subjectas,
646 2685 863 2774 appellatione
894 2691 1027 2762 remota,
1052 2685 1194 2750 visitare.
1250 2683 1315 2750 Et

248 2789 376 2878 seripsit
408 2789 522 2856 abbati
555 2791 615 2856 sub
650 2791 711 2856 hae
735 2789 862 2858 forma:
899 2797 918 2826 “
933 2789 966 2856 N
968 2789 1101 2856 overitis
1124 2789 1212 2876 qnod
1235 2781 1320 2854 tali

249 2903 265 2930 “
292 2895 344 2960 die
376 2897 543 2962 veniemus
577 2895 618 2960 ad
642 2917 709 2972 voe,
734 2915 831 2960 eausa
864 2895 1065 2960 visitationis
1099 2893 1211 2960 eadem
1243 2893 1294 2956 die

248 3009 266 3036 “
290 2999 456 3066 vobiscum
486 3023 610 3066 moram
632 2999 780 3066 faotu1·i.’'
839 2999 951 3066 Abbas
975 3021 1053 3066 vero
1081 2999 1160 3062 visis
1191 2999 1294 3066 literis

248 3109 322 3192 post
356 3103 464 3170 eibum
493 3105 529 3170 in
560 3105 612 3170 die
641 3093 884 3190 Assumptionis
916 3105 1022 3170 beatae
1059 3103 1181 3182 Mariae,
1210 3103 1294 3190 juris
1307 3121 1375 3188 Aug.
1391 3131 1428 3178 ro.

249 3209 354 3276 civilis
397 3233 495 3296 quam
529 3209 674 3276 oenonioi
714 3209 856 3296 ignarus
895 3209 1017 3274 nuliius
1056 3209 1294 3276 communicato

248 3313 389 3394 oonsilio,
413 3313 589 3400 respondit,
608 3315 728 3380 “Bene
746 3311 902 3394 venerit‚”
924 3335 982 3400 pro
1005 3335 1107 3400 parvo
1129 3319 1293 3400 reputans,
1307 3323 1361 3404 ‘spe
1373 3329 1448 3378 abbat

249 3423 380 3484 uberat
413 3419 555 3504 dapsilis,
581 3419 668 3506 quod
683 3435 684 3440 ’
699 3419 866 3506 episeopus
899 3441 972 3484 oum
1000 3439 1037 3484 eo
1067 3417 1294 3504 hospitaretur,
1306 3399 1443 3518 ffidffie

248 3545 315 3588 non
338 3523 467 3608 capiens
493 3521 695 3588 intellectum
719 3521 913 3588 litterarum.
975 3521 1160 3588 Reoedente
1183 3525 1293 3610 itaque
1306 3531 1415 3596 bishop's

248 3627 365 3692 nuntio
389 3647 462 3692 oum
477 3625 536 3692 tali
560 3647 720 3710 responso,
745 3623 831 3690 faeta
854 3631 904 3692 est
932 3627 1098 3692 eontentio
1121 3625 1208 3692 inter
1231 3629 1294 3694 dis·
1307 3599 1383 3652 letter.

248 3729 370 3814 oipulos
393 3729 521 3794 abbatis
557 3729 713 3814 quidnam
735 3725 799 3792 sibi
821 3729 922 3794 vellet
943 3731 1009 3794 tale
1034 3731 1236 3812 mandatum,
1260 3737 1294 3800 et

248 3831 325 3916 quia
342 3833 427 3916 juris
458 3833 581 3916 peritus
605 3853 693 3896 eram
714 3835 850 3896 vocatus
874 3853 946 3896 sum
970 3853 1028 3918 ego
1056 3833 1112 3918 qni
1144 3857 1233 3900 eram
1257 3837 1293 3902 in
1306 3863 1460 3932 Marleberge

156 3935 160 3938 ”
248 3931 397 4008 elaustro,
437 3931 632 4016 quibusdam
670 3933 854 3998 dioentibus
886 3933 971 4016 quod
1002 3935 1170 4020 episeopus
1200 3939 1293 4004 venit
1305 3929 1374 4008 gipes
1385 3933 1424 3980 ΜΒ

249 4033 359 4098 videre
382 4033 536 4096 abbatem
559 4037 599 4096 ut
629 4035 761 4110 smirne,
785 4031 858 4096 aliis
888 4055 963 4110 non,
992 4033 1047 4100 sed
1074 4041 1113 4100 ut
1137 4037 1291 4102 abbatem
1305 4009 1458 4116 diffiido

248 4133 423 4218 deponeret
450 4133 527 4216 quia
551 4133 623 4196 odio
651 4155 725 4198 eum
752 4133 901 4198 habebat.
948 4133 1018 4220 Ego
1043 4157 1119 4200 vero
1145 4135 1291 4198 dicebam
1304 4127 1460 4242 flaebbbw's

248 4233 325 4316 quia
351 4233 377 4296 si
412 4253 485 4294 eum
509 4253 606 4294 eausa
629 4231 829 4296 visitationis
853 4233 1053 4314 admitteret,
1079 4257 1119 4298 ex
1142 4235 1176 4298 vi
1200 4203 1317 4300 verbia
1336 4207 1446 4248 ‘mm'

248 4331 346 4414 hujus
380 4337 508 4394 “cansa
545 4331 746 4394 visitationis
757 4329 774 4352 ’'
808 4335 842 4394 et
872 4331 999 4394 satione
1038 4331 1205 4416 praedictae
1242 4333 1291 4396 in-

248 4431 427 4514 dulgentiae
461 4451 558 4512 quam
598 4431 685 4512 apud
710 4427 952 4506 Glouoestrirrm,
977 4429 1034 4492 nbi
1068 4431 1292 4494 visitationem
1388 4501 1392 4508 ,

281 4717 362 4764 ²This
373 4719 429 4764 date
440 4715 462 4764 is
473 4717 692 4766 ascensinedfrom
704 4717 746 4764 the
795 4715 826 4760 of
843 4717 936 4764 several
957 4717 1026 4776 papal
1047 4717 1190 4764 documents
1208 4717 1234 4762 in
1251 4715 1293 4760 the

247 4807 333 4842 course
344 4793 420 4840 ofthe
431 4793 560 4854 narrative,
570 4793 744 4840 andthedates
794 4805 853 4852 year
866 4797 936 4838 1206.
1306 4807 1309 4814 ¹
