3308 5666
402 713 468 782 232
603 733 803 784 canonicor
827 729 984 780 renarra
1006 733 1056 786 uu
1077 729 1249 780 rvrsmu.

233 933 304 1002 ,Α.1).
319 939 390 992 1213·
401 921 517 984 recessi
546 921 639 986 siout
665 917 852 1004 injunctum
886 919 951 984 fuit
984 919 1075 996 mihi,
1106 921 1146 982 ut
1175 915 1363 982 nuntiarem
1386 937 1446 980 re-

382 1045 555 1108 sponsum
585 1021 715 1086 abbatis
737 1021 885 1088 *domino
915 1021 1024 1108 legato
1055 1026 1089 1087 et
1118 1021 1249 1086 domino
1279 1017 1446 1084 Pandulfo

383 1127 434 1192 'et
468 1123 682 1192 oreditoribus
719 1123 884 1190 Romanis.
945 1125 991 1189 Et
1023 1147 1125 1210 quum
1161 1123 1340 1192 Londoniis
1373 1121 1446 1186 iilos

400 1227 597 1294 invenissem
620 1230 656 1292 et
682 1227 886 1292 nuntiassem
904 1215 955 1292 eis
978 1249 1169 1314 responsum
1190 1227 1329 1304 abbatis,
1351 1225 1446 1298 valde
1488 1275 1489 1278 η

400 1331 535 1396 moleste
557 1329 639 1394 fflud
668 1329 827 1410 tulerunt,
858 1335 1089 1396 conservantes
1118 1329 1243 1394 omnia*
1257 1329 1358 1394 verba
1381 1327 1446 1404 ilia,

399 1425 600 1498 conferentes
637 1453 675 1496 ea
713 1431 748 1494 in
782 1431 878 1498 corde
923 1455 1003 1512 suo;
1047 1431 1176 1496 nuilum
1220 1437 1333 1496 tamen
1379 1451 1445 1494 oer-

398 1539 471 1598 tum
490 1555 697 1620 s-responsum
731 1533 813 1596 mihi
849 1533 1020 1614 dederunt,
1062 1535 1119 1600 sed
1153 1536 1377 1620 praeceperunt
1390 1599 1391 1602 ,
1406 1535 1445 1596 ut

149 1639 151 1648 ”
232 1651 326 1702 Marte·
398 1623 557 1722 sequerer.
571 1657 645 1708 eos„
671 1635 723 1710 ¹Et
746 1657 846 1722 quum
863 1637 919 1700 diu
940 1659 1070 1704 moram
1095 1637 1236 1704 facerem
1259 1635 1445 1710 londoniis,

233 1719 541 1836 ffifigffiquadam
555 1737 616 1812 die
646 1743 719 1824 post
751 1737 860 1804 cibum
888 1739 971 1804 clani
994 1739 1110 1806 recessi
1134 1739 1230 1826 apud
1253 1733 1444 1814 Oroindene,

231 1849 354 1916 bishopat
397 1841 557 1928 accipiens
573 1863 704 1906 mecum
727 1839 861 1908 fratrem
886 1863 1006 1930 rneumv
1019 1843 1195 1920 uterinum,
1223 1839 1333 1906 dicens
1358 1839 1443 1926 quod

233 1917 358 1982 Oroydon,
397 1967 456 2032 pro
483 1945 624 2032 negotiis
648 1943 718 2030 ejus
744 1943 938 2022 recederem,
964 1949 997 2008 et
1021 1945 1138 2030 reliqui
1169 1943 1347 2008 Londoniis
1379 1965 1444 2008 ser·
1475 1987 1476 1990 ,

231 1985 282 2034 and
292 2001 366 2052 urges

231 2051 386 2102 himtovisit
396 2047 524 2122 vientes
540 2045 671 2110 abbatis
686 2045 743 2130 qui
761 2067 887 2130 semper
901 2045 1145 2112 insidiabantur
1160 2045 1250 2122 mibi,
1265 2048 1300 2110 et
1314 2045 1443 2110 locutus

231 2117 274 2168 the
285 2119 372 2184 ΜΨ·
395 2169 469 2214 sum
485 2169 558 2226 oum
575 2147 706 2214 domino
723 2145 952 2214 Oantuariensi
967 2169 1065 2234 super
1079 2145 1441 2234 responsione'abbatis.
1524 2157 1526 2168 ⁰

397 2251 442 2320 Et
466 2273 567 2336 quum
590 2255 670 2340 tuno
694 2254 779 2316 esset
801 2257 933 2316 cum'eo
957 2251 1113 2338 magister
1129 2249 1288 2314 Ricardus
1304 2249 1443 2324 decanus

396 2341 639 2430 Sareberiensis,
673 2347 883 2438 postmodum
917 2353 1084 2438 episcopus
1122 2351 1267 2438 ejusdem
1300 2351 1371 2430 looi,
1409 2357 1445 2418 et,

396 2477 498 2542 essem
524 2455 559 2526 ,ei
590 2453 779 2522 notissimus
806 2453 884 2540 quia
912 2453 1092 2542 discipulus
1121 2453 1246 2520 sueram
1277 2453 1443 2538 quondam

377 2543 628 2652 archiepiscopi
651 2561 685 2622 et
711 2555 927 2642 conscholaris
954 2557 1077 2636 decani,
1107 2577 1209 2642 usque
1232 2557 1275 2622 ad
1300 2555 1442 2622 mediam

395 2661 461 2726 fere
483 2647 612 2734 noctem
628 2659 802 2724 habuimus
824 2663 1001 2725 tractatum
1028 2681 1129 2746 super
1146 2663 1236 2724 statu
1259 2663 1293 2726 et
1308 2659 1443 2746 agendis

395 2761 537 2828 ecclesiae
550 2773 555 2810 2
568 2765 698 2826 nostrae.
755 2761 865 2842 Quum
892 2763 978 2852 enim
1010 2761 1117 2828 adhuc
1143 2761 1300 2826 nescirem
1325 2763 1443 2826 volun-
1490 2755 1491 2758 '

395 2869 498 2928 tatem
522 2863 647 2952 domiui
676 2863 786 2948 legati,
810 2863 983 2948 procuravi
1013 2865 1101 2950 quod
1124 2865 1275 2928 dominus
1298 2863 1443 2930 Cantua-

299 2953 304 2964 ⁵
394 2967 510 3032 riensis
542 2969 581 3030 ut
608 2968 700 3030 tutor
732 2969 843 3028 noster
866 2968 899 3029 et
921 2965 1049 3050 legatus
1072 2970 1249 3052 perpetuus
1274 2967 1441 3032 accederet

395 3067 437 3132 ad
461 3067 594 3134 domurn
617 3071 765 3130 nostram
788 3069 823 3132 et
845 3072 975 3152 cogeret
990 3083 993 3088 “
1002 3067 1158 3134 abbatem
1180 3069 1223 3134 ad
1244 3069 1441 3135 solutionem

302 3209 303 3214 κ
395 3169 560 3256 praedictae
589 3167 738 3254 pecuniae
764 3169 818 3232 vel
846 3169 1023 3254 deponeret
1050 3193 1135 3248 eum,
1162 3175 1196 3236 et
1226 3171 1380 3258 proposui
1410 3173 1440 3236 ei

394 3273 474 3336 satis
497 3271 639 3358 liquidas
662 3269 851 3336 manifestas
873 3276 907 3337 et
925 3271 1123 3338 sufficientes
1145 3273 1287 3338 rationes
1309 3273 1352 3340 ad
1370 3273 1440 3362 ejus

393 3375 639 3462 depositionem.

309 3621 321 3696 ’κ
394 3645 444 3714 Dc
467 3645 647 3732 quastione
677 3643 794 3710 babitu
824 3667 939 3712 corum
961 3645 1212 3734 archiepiscopo
1244 3669 1347 3734 cupos
1379 3671 1440 3738 po-

539 3753 648 3814 testate
671 3747 818 3836 cjusdom
839 3747 1056 3862 tonottotom
1077 3749 1292 3816 Eoosboauo'oe.
1340 3761 1341 3764 ’
1395 3795 1396 3798 ¹

228 3903 377 3956 Diaussion
440 3895 524 3960 Orta
554 3898 604 3960 est
634 3899 744 3960 autem
773 3893 821 3958 ibi
850 3897 996 3962 maxima
1026 3897 1162 3984 quaestio
1192 3897 1281 3964 inter
1308 3921 1367 3964 nos
1398 3899 1438 3966 de

229 3973 357 4088 ffisshe
393 3993 558 4088 potestate
581 3997 705 4062 domini
722 3995 1022 4086 Cantuariensisin
1044 4001 1147 4066 nobis.
1194 3993 1247 4064 Ex
1262 4023 1329 4070 una
1344 4007 1437 4088 parte

230 4095 596 4188 short-visiproposuum
618 4099 683 4164 fuit
709 4097 796 4186 quod
817 4103 909 4164 tutor
932 4101 1251 4188 habet'potestatem
1274 4103 1445 4190 incapite

228 4173 328 4302 {affl
394 4205 506 4284 libero,
529 4223 596 4266 non
618 4206 658 4267 ut
679 4201 841 4288 pupillum
864 4203 1053 4270 exhaeredet
1068 4205 1122 4272 vel
1145 4205 1182 4270 in
1204 4205 1313 4290 atiquo
1336 4207 1437 4296 laedat

307 4371 309 4376 ,
394 4307 446 4372 uel
470 4305 666 4382 damnificet,
683 4303 740 4370 sed
762 4307 801 4368 ut
823 4305 931 4390 ipsum
955 4311 989 4370 et
1011 4309 1245 4392 patrimonium
1269 4309 1339 4394 ejus
1362 4311 1437 4376 con-

211 4485 213 4490 χ
393 4413 501 4478 servet
517 4411 551 4480 et
566 4409 699 4472 tueatur
707 4431 715 4482 3
724 4429 800 4472 ,non
816 4429 891 4494 ergo
907 4409 1017 4494 potuit
1031 4411 1184 4476 abbatem
1199 4411 1367 4498 deponere,
1379 4413 1437 4478 sed

227 4537 319 4596 p,1s1,
393 4511 505 4596 inagis,
521 4514 560 4575 ut
575 4509 610 4574 in
625 4509 798 4596 privilegio
816 4509 1013 4590 continetur,
1040 4515 1094 4578 “si
1110 4513 1191 4600 quid
1206 4513 1349 4580 sinistrae
1364 4539 1438 4602 par-

393 4623 409 4650 “
432 4613 476 4684 tis
499 4611 583 4678 inibi
606 4617 807 4696 compertum
822 4611 923 4680 fuerit
946 4615 1034 4692 oriri,
1049 4637 1107 4702 per
1128 4617 1230 4704 ipsius
1253 4617 1437 4704 corrigatur
