3300 5666
426 803 623 856 cnuomcou
646 803 801 856 susurra
824 803 870 852 or
893 803 1061 854 uvnsusm
1223 789 1263 856 45

224 1165 275 1238 De
298 1165 457 1256 reliquiis
478 1167 599 1236 dorreti
614 1169 770 1256 amomi
785 1169 921 1258 foratis
938 1175 966 1238 ct
980 1155 1148 1250 reuocatis,
1166 1169 1264 1260 furvi«

407 1353 409 1356 Ι
502 1269 563 1338 buc
585 1271 787 1358 infirmitate
810 1271 986 1362 percussis.

267 1445 421 1510 Matrona
443 1445 602 1532 quaedam,
625 1445 763 1532 Aigitha
778 1445 920 1524 nominc,
938 1445 1017 1510 dum
1039 1445 1158 1532 saepius
1181 1451 1262 1512 tem·
1316 1447 1384 1496 A.D.

221 1567 298 1638 pore
323 1549 469 1636 praedicti
491 1549 576 1636 regis
599 1547 775 1614 Eadwardi
798 1549 963 1614 ecclesiam
986 1549 1092 1616 sancti
1115 1547 1262 1634 Ecgwini
1275 1517 1427 1628 ffilffi

220 1651 450 1736 frequentaret,
484 1651 577 1718 venit
615 1651 644 1716 ei
674 1651 711 1744 in
740 1657 884 1716 mentem
914 1653 956 1718 ob
993 1673 1137 1716 amorem
1160 1649 1432 1766 sonuirepveppf

222 1755 415 1820 omnimodis
430 1759 558 1820 tentare
581 1753 609 1818 si
626 1753 800 1838 quicquam
824 1755 863 1818 de
885 1753 1031 1838 reliquiis
1055 1753 1124 1838 ejus
1139 1753 1262 1820 valeret
1275 1723 1388 1832 11008001
1406 1731 1419 1766 e

221 1857 393 1942 acquirere.
442 1855 551 1942 Ooepit
577 1855 678 1942 igitur
708 1855 824 1922 callide
847 1857 996 1920 volutare
1019 1853 1159 1940 qualiter
1182 1855 1263 1920 desi·
1277 1847 1419 1938 stagnio.

221 1959 347 2024 derium
369 1981 465 2024 suum
487 1965 597 2046 posset
618 1957 744 2024 facilius
768 1963 961 2046 perpetrare.
1006 1959 1128 2024 Accitis
1150 1961 1262 2044 itaque
1359 2029 1360 2032 ,

219 2067 340 2126 secreto
367 2063 476 2148 pueris
499 2063 568 2142 loci,
593 2059 713 2146 eisquc,
735 2049 781 2126 ‘ut
811 2063 923 2138 fertur,
949 2061 1034 2126 dona
1056 2063 1205 2128 tribuens
1229 2069 1262 2128 et

221 2165 376 2252 ampliora
400 2165 603 2252 promittens,
626 2165 754 2252 rogavit
778 2169 941 2250 quatenus
964 2165 1026 2232 sibi
1054 2165 1093 2230 de
1117 2165 1262 2250 reliquiis
1366 2179 1367 2182 ’

220 2269 325 2334 sancti
349 2267 497 2356 Ecgwini
511 2267 564 2334 vel
580 2269 742 2334 modicum
767 2269 847 2354 quid
869 2271 952 2336 olam
972 2267 1207 2354 perquirerent,
1223 2273 1262 2332 ut

219 2393 276 2458 per
298 2373 359 2434 boc
373 2371 527 2456 majorem
550 2371 728 2436 mercedem
752 2373 793 2434 ab
818 2393 855 2436 ea
877 2373 1085 2458 perciperent.
1133 2369 1260 2438 Sciebat

218 2473 306 2538 enim
328 2473 419 2538 illam
443 2477 575 2540 aetatem
588 2473 705 2538 minus
727 2471 870 2538 habilem
893 2471 1120 2560 intelligentia
1143 2473 1263 2538 levius-

219 2597 281 2666 que
304 2597 396 2664 posse
420 2575 531 2662 decipi.
578 2575 731 2646 Praebent
758 2597 924 2642 assensum
949 2577 1050 2664 pueri,
1079 2581 1113 2642 et
1137 2599 1261 2664 coepere

219 2701 361 2766 quaerere
376 2685 506 2768 tempus
530 2685 563 2746 et
585 2679 698 2744 horam
726 2687 810 2764 qual
826 2679 897 2744 sine
911 2679 1034 2746 notitia
1049 2681 1186 2746 aliorum
1202 2681 1261 2746 im·
1340 2713 1343 2718 ·

218 2783 345 2872 plorent
380 2783 580 2870 promissum.
642 2783 765 2848 Verum
803 2783 884 2868 quid
912 2805 979 2846 non
1009 2783 1108 2848 audet
1145 2783 1261 2848 ardens

221 2885 407 2972 cupiditas?
448 2885 510 2948 Ρο1
525 2885 689 2950 infirmam
712 2889 847 2952 aetatem
870 2885 995 2972 perficit
1011 2885 1152 2950 avaritia
1166 2909 1261 2950 suum

219 2987 368 3054 officium.
414 2987 561 3074 Pergunt
584 2993 678 3052 nocte
699 2987 792 3074 pueri
815 2987 857 3054 ad
880 2987 984 3052 sancti
1008 2987 1155 3074 Ecgwini
1181 2987 1260 3052 1010·

218 3095 318 3170 trum„
339 3097 516 3176 apertoque
540 3091 695 3156 velociter
725 3093 849 3172 scrinic,
878 3089 966 3156 furto
997 3089 1150 3156 auferunt
1172 3113 1261 3176 mag-

216 3217 295 3258 num
329 3195 531 3272 thesaurum,
558 3195 647 3258 omni
677 3195 855 3280 margarita
887 3194 1117 3280 preciosiorem.
1173 3193 1260 3258 Proh

218 3295 325 3362 dolori
342 3297 533 3362 Temerariis
547 3297 699 3362 manibus
713 3299 928 3362 irreverenter
943 3301 1090 3364 tractant
1102 3295 1260 3362 membra2

217 3401 327 3478 sancti,
344 3405 385 3478 et,
401 3401 549 3466 sublata³
564 3407 656 3486 parte
671 3399 794 3466 brachii
810 3421 883 3466 cum
899 3423 965 3464 uno
981 3401 1086 3482 dente,
1104 3407 1259 3466 matronae

156 3497 157 3500 ¹
217 3503 369 3566 studuere
396 3503 578 3568 clanculum
602 3503 778 3588 deportare.
826 3503 949 3568 Verum
972 3503 1135 3568 enimvero
1166 3523 1260 3586 super

216 3609 286 3668 tam
309 3603 490 3668 incredibili
506 3605 641 3668 audacia
663 3611 732 3688 non
755 3605 812 3670 diu
829 3605 968 3682 distulit,
992 3609 1030 3670 ut
1052 3605 1259 3690 insequenti
1350 3597 1352 3600 ¹

216 3707 334 3792 patuit,
359 3703 560 3770 vindictam4
584 3729 708 3770 sumere
735 3707 828 3772 uitio
844 3705 963 3772 divina.
1019 3707 1105 3772 Nam
1130 3727 1257 3786 sumens

218 3809 374 3894 praedicta
390 3813 540 3874 matrona
554 3809 612 3872 diu
628 3809 846 3874 desideratum
862 3811 1061 3888 thesaurum,
1076 3809 1153 3892 laeta
1169 3833 1257 3896 repe-

218 3911 311 3978 davit
341 3911 383 3974 ad
413 3911 550 3998 propria.
596 3911 725 3976 Locatis
749 3911 852 3998 igitur
877 3911 1050 3976 honorifice
1080 3911 1258 3976 secundum

219 4035 315 4080 suum
344 4035 435 4098 posse
474 4013 618 4098 reliquiis
661 4013 764 4078 sancti
804 4013 952 4100 Ecgwini
983 4013 1020 4078 in
1045 4013 1257 4078 mundissimo

150 4193 155 4208 ι
217 4115 338 4196 1000110,
362 4115 513 4182 credebat
536 4137 569 4182 se
588 4115 712 4182 diutius
734 4115 922 4202 gavisuram
946 4117 985 4182 de
1006 4115 1101 4184 furto,
1148 4115 1257 4196 Quum

131 4239 134 4246 ⁴
218 4223 308 4284 ecce!
332 4223 462 4284 sanctus
483 4217 617 4282 Domini
641 4217 817 4304 Ecgvvinus
840 4241 896 4304 per
919 4211 1078 4284 visionem
1100 4223 1257 4284 matronae

219 4327 316 4388 noctu
339 4343 506 4408 apparens,
526 4319 623 4406 jubet
646 4341 717 4384 eam
752 4341 784 4384 se
816 4321 921 4408 ipsum
954 4321 1120 4406 proprium
1151 4343 1258 4406 repor-

1224 4555 1257 4564 ι...

227 4703 230 4710 ·
251 4685 333 4752 ὶ000]
348 4703 405 4752 quo,
419 4685 474 4736 MS.
794 4683 924 4750 3011111010]
939 4685 1041 4746 sublate,
1053 4685 1108 4736 MS.

253 4769 262 4798 ²
274 4765 389 4832 membra]
402 4769 513 4826 menbra,
525 4765 581 4816 MS.
794 4765 803 4792 ⁴
815 4763 956 4828 vindictam]
971 4763 1096 4824 vinctam,
1107 4763 1163 4814 MS.
