3308 5666
343 825 347 830 ἡ
394 735 459 800 220
614 751 814 804 canonicor
836 751 991 804 laeana
1011 755 1059 804 nn
1079 747 1249 806 evasum.

187 991 188 994 ,
229 941 384 1008 A.D.‘1206'}
393 941 468 996 latas
495 941 533 996 ad
559 959 679 1004 coenam,
707 947 736 996 et
763 931 918 996 dimidium
945 943 1082 998 similiter
1100 943 1131 998 in
1151 943 1241 998 Ooeua
1258 943 1386 1020 Domini
1402 943 1439 998 ad

393 1025 491 1080 idem.l
527 1027 563 1080 ln
580 1023 809 1080 minutionibus²
826 1025 896 1080 vero
917 1031 947 1082 et
968 1027 998 1080 in
1019 1027 1229 1082 misericordiis
1251 1027 1453 1098 regularibus¹

294 1127 298 1134 ’
392 1109 449 1164 duo
475 1115 504 1166 et
527 1111 583 1166 duo
602 1105 690 1164 unam
707 1109 819 1180 justam
838 1109 875 1162 de
894 1109 1021 1176 cellario,
1043 1115 1104 1166 tam
1122 1109 1331 1182 ad'prandium
1350 1129 1437 1182 quam
1472 1119 1478 1126 '

392 1193 429 1248 ad
446 1211 576 1258 coenam3
608 1193 639 1246 in
661 1189 836 1248 ventositate
860 1211 930 1268 vero
958 1193 1071 1250 unam.³
1120 1193 1258 1250 Serviens
1284 1211 1354 1250 vero
1385 1195 1437 1266 qui

391 1277 495 1334 fratrea
515 1277 733 1346 sanguinaverit
749 1293 854 1352 panem
872 1283 901 1332 et
916 1277 1027 1350 justam
1045 1277 1242 1348 percipietde
1265 1276 1385 1332 cellario
1411 1279 1437 1334 si

252 1367 256 1378 ‘
317 1371 326 1384 '
389 1362 489 1432 plures
508 1361 618 1416 fuerint
639 1351 834 1432 sanguinati.³
855 1361 993 1434 Quotiens
1008 1361 1096 1418 etiam
1108 1363 1269 1434 mappae'de
1281 1355 1435 1418 refectorio

389 1445 546 1514 abluuntur
558 1445 718 1500 servientes
737 1445 773 1498 de
791 1444 977 1500 lavendrina⁴
995 1463 1100 1516 panem
1114 1445 1309 1522 monachilem
1321 1447 1357 1502 de
1377 1447 1435 1502 cel·

389 1530 462 1586 lario
480 1529 587 1584 habere
605 1529 720 1584 debent.
757 1529 796 1582 Et
813 1529 908 1584 tribus
926 1529 1095 1600 septimanis
1115 1529 1147 1584 in
1163 1529 1300 1586 Adventu
1318 1529 1436 1586 Domini

389 1619 419 1668 et
436 1613 530 1668 tribus
550 1617 615 1666 ante
633 1611 755 1678 Pascha,
782 1611 906 1682 aingulis
929 1613 1042 1670 scilicet
1066 1613 1168 1668 diebus
1195 1615 1308 1684 quando
1330 1615 1435 1670 fratrea

388 1698 531 1762 balneant,
552 1687 732 1752 balneatores
756 1697 907 1766 percipere
932 1687 1038 1752 debent
1067 1697 1103 1752 de
1123 1697 1244 1754 cellario
1270 1715 1375 1770 panem
1406 1705 1436 1754 et

385 1781 517 1854 justam.⁵
549 1781 642 1836 'Item
674 1781 732 1834 duo
750 1780 915 1850 capellani,
949 1781 1052 1836 sancti¹
1065 1781 1205 1838 videlicet
1234 1781 1385 1838 Laurentii
1405 1789 1436 1838 et

333 1855 334 1858 ¹
388 1865 524 1922 Omnium
546 1865 726 1930 Sanctorum,
742 1863 848 1920 debent
864 1865 972 1918 habere
991 1865 1120 1944 quotidie
1139 1867 1174 1920 de
1193 1866 1311 1922 cellario
1329 1885 1434 1938 panem

387 1957 417 2006 et
437 1945 609 2008 cerevisiam
630 1951 706 2014 siout
724 1949 866 2004 monachi.
905 1949 1000 2006 Debet
1019 1949 1106 2004 etiam
1130 1949 1305 2006 camerarius
1326 1953 1433 2008 habere

387 2035 517 2106 quotidie
543 2035 579 2090 ad
609 2053 699 2090 unum
728 2027 908 2088 servientem
921 2035 1167 2104 procurationem,
1185 2041 1227 2090 'et
1247 2035 1433 2106 praebendarn

386 2119 423 2174 ad
440 2137 531 2174 unum
551 2137 660 2190 equum
674 2119 710 2172 de
723 2117 870 2190 granario,
891 2123 921 2174 et
938 2117 1103 2190 foragium⁸
1122 2119 1159 2174 de
1172 2121 1305 2192 grangia.
1345 2121 1431 2176 Simi-

284 2195 288 2204 ’
384 2203 453 2258 liter
483 2209 512 2258 et
533 2201 671 2270 sacrista„
700 2201 777 2256 Item
801 2201 833 2254 in
863 2201 1079 2268 anniversariis,
1110 2203 1247 2258 abbatum
1274 2203 1431 2276 Reginaldi

368 2287 498 2358 v,scilicet
534 2291 563 2342 et
597 2285 679 2350 Adae,
716 2285 823 2338 habere
859 2285 965 2340 debent
1001 2287 1135 2342 mouaobi
1172 2287 1303 2358 singulos
1336 2289 1429 2344 siffuls

384 2369 421 2424 de
439 2369 573 2442 granario
593 2369 629 2424 ad
649 2369 802 2424 wastellos.
827 2367 932 2424 ¹Debet
950 2369 1038 2424 etiam
1055 2369 1086 2424 in
1103 2369 1150 2424 die
1162 2369 1336 2426 Animarum
1355 2373 1429 2426 elee-

382 2453 565 2526 mosynarius
594 2453 724 2524 recipere
754 2469 842 2506 unam
877 2471 1022 2508 summam
1052 2453 1193 2508 frumenti
1225 2455 1260 2510 de
1292 2457 1428 2526 granario

383 2539 558 2614 pauperibua
598 2537 774 2612 erogandam
786 2557 794 2600 3
837 2537 973 2590 similiter
1009 2537 1060 2592 fiet
1091 2537 1122 2592 in
1155 2535 1243 2594 obitu'
1271 2539 1429 2612 cujuslibet
1496 2555 1497 2558 ’

383 2611 542 2678 monachat
583 2621 711 2678 Abbates
729 2621 818 2676 etiam
836 2625 865 2676 et
882 2621 1016 2674 monachi
1034 2613 1166 2694 ejusdem
1183 2622 1240 2676 loci
1259 2641 1312 2694 per
1335 2629 1439 2686 totum

383 2723 490 2762 annum
520 2711 586 2778 post
618 2705 730 2760 obitum
759 2723 845 2776 suum
871 2703 1056 2758 corrodium8
1081 2711 1176 2762 totum
1204 2707 1280 2762 siout
1303 2707 1341 2762 in
1367 2709 1429 2764 vita

314 2819 315 2822 ¹
383 2809 436 2846 sua
464 2795 664 2862 perceperunt,
696 2789 802 2842 habere
830 2785 946 2852 debent,
977 2789 1055 2858 quod
1085 2789 1172 2844 alicui
1201 2789 1344 2860 indigenti
1374 2811 1428 2864 pro
1481 2809 1485 2822 ·

383 2875 479 2928 anima
500 2891 555 2928 sua
578 2869 769 2944 erogabitur.⁹
825 2867 991 2924 Servientes
1017 2871 1105 2926 etiarn
1129 2873 1181 2942 qui
1203 2873 1327 2946 vigilant
1350 2875 1428 2932 circa

307 2949 312 2960 ’
382 2959 502 3012 fratrem
518 2945 682 3028 proximum
702 2951 790 3010 morti
807 2969 911 3022 panem
924 2957 953 3008 et
970 2955 1143 3008 cerevisiam
1154 2957 1260 3014 habere
1273 2959 1379 3016 debent
1391 2961 1427 3022 de

381 3041 510 3098 cellario.
554 3039 598 3114 ,Si
616 3057 686 3092 vero
706 3037 801 3092 obitus
819 3035 952 3090 monachi
972 3037 1020 3092 vel
1040 3037 1151 3094 abbatis
1172 3041 1292 3098 alterius
1311 3043 1424 3110 domus,

382 3125 408 3180 si
425 3125 534 3180 fuerint
562 3125 598 3194 de
620 3121 746 3194 capitulo
764 3119 982 3182 Evesharnensi,
998 3121 1179 3188 evenerint,¹⁰
1196 3125 1232 3178 ad
1253 3117 1354 3182 annale
1373 3147 1425 3200 pro

372 3321 457 3396 '1¹et
465 3331 652 3398 quandocunque
676 3365 683 3380 .
707 3365 713 3380 .
737 3365 744 3380 .
767 3365 774 3378 .
800 3329 873 3394 idem]
926 3325 1154 3378 anteDominicam
1173 3329 1200 3380 in
1219 3329 1307 3380 Remis
1323 3333 1423 3386 Palma.

379 3431 428 3466 om.
462 3415 532 3480 Aug.
545 3403 690 3465 antliam
750 3477 753 3480 „
791 3429 792 3432 ¹
924 3419 987 3458 rum.
1021 3407 1087 3458 Ibid
1181 3419 1182 3422 ’
1293 3421 1321 3488 Ι·

411 3499 421 3528 ²
431 3493 613 3560 minationibus]
623 3491 811 3552 munitionibus
819 3491 874 3542 MS.
956 3487 1109 3552 lsorayium]
1123 3487 1281 3554 menagium,
1293 3489 1355 3554 its„

411 3569 786 3636 ⁸Jamaau0nitus...aaam]
807 3571 873 3632 Qua·
956 3567 1037 3616 ’Item
1052 3567 1100 3616 duo
1115 3561 1236 3632 capellani
1257 3605 1264 3620 .
1286 3607 1294 3620 .
1392 3605 1424 3622 .,

377 3657 437 3706 libet
464 3653 540 3704 etiam
567 3653 608 3702 die
641 3653 668 3700 in
695 3651 873 3702 misericordiis
921 3647 1042 3710 monachi]
1065 3647 1122 3698 Om.
1135 3647 1347 3712 AugandHarl.
1377 3647 1423 3702 See

376 3733 531 3800 regularibus
558 3733 686 3782 habebunt
711 3733 761 3782 duo
784 3731 873 3780 imbres
921 3729 1113 3790 natumst.
1182 3759 1183 3764 ,
1225 3781 1226 3786 Ἰ

376 3821 453 3866 unam
466 3815 561 3876 justam
575 3805 612 3860 ¹dc
631 3809 738 3862 cellario.
775 3799 807 3860 In
825 3809 873 3858 mi-
929 3805 1128 3872 leorrodiam]
1144 3807 1292 3870 comediam,
1302 3809 1359 3860 MS.

374 3893 520 3944 nutiouibus
545 3905 605 3940 vero
632 3905 707 3940 unam
737 3889 770 3938 ad
797 3905 872 3952 pran-
928 3911 931 3916 „
953 3885 1294 3952 ⁰Attates...eroqatiar]
1308 3887 1421 3940 Abbates

300 4031 302 4038 y
375 3973 445 4024 dium
461 3979 486 4024 et
501 3975 603 4022 alteram
622 3971 653 4020 ad
675 3983 789 4020 creusam.¹
820 3967 870 4030 Qui
920 3965 997 4016 etiam
1011 3965 1422 4018 etmonaohiEveshamiaedebent

374 4067 435 4104 vero
455 4055 601 4102 ventosatus
625 4049 710 4106 nent,
728 4053 825 4098 tanain
842 4063 872 4098 ea
919 4047 1009 4122 habere
1019 4043 1161 4096 corrodium
1172 4059 1244 4094 suum
1253 4045 1320 4096 siout
1329 4047 1421 4098 habue-

374 4131 610 4188 dishabcbitunam
620 4129 750 4192 justamde
762 4127 870 4178 cellario.
919 4133 978 4174 runt
988 4125 1017 4174 in
1027 4125 1080 4174 vita
1099 4139 1144 4180 sua
1163 4139 1207 4188 per
1226 4131 1306 4176 totum
1326 4133 1419 4178 annum

375 4211 432 4262 Add
446 4211 515 4274 Aug.
527 4211 578 4260 and
588 4209 659 4258 Harl.
879 4229 881 4244 ι
918 4211 974 4268 post
984 4203 1080 4254 obitum
1097 4217 1177 4264 suum,
1188 4205 1254 4268 quod
1265 4205 1342 4254 alicui
1352 4205 1419 4256 indi-

387 4295 389 4298 '
407 4289 582 4354 *lavendaiac]
596 4287 727 4336 ablatores
761 4285 825 4334 Ibid
918 4283 987 4348 genti
998 4297 1045 4346 pro
1055 4283 1186 4332 animabus
1206 4297 1290 4332 eorum
1302 4285 1417 4348 erogabi-

311 4369 312 4372 ’
386 4365 870 4432 ·⁵Et·tribua...justam]Balneatorss
918 4371 966 4412 tur.
1000 4361 1212 4428 Aug.andHarl.

351 4489 352 4492 ,
373 4447 449 4496 etiam
457 4449 557 4512 quando
567 4447 655 4498 fratres
667 4445 784 4496 balneant
794 4445 870 4494 habe-
951 4443 970 4472 ¹⁰
983 4435 1016 4492 Si
1026 4459 1080 4492 oerc
1090 4479 1097 4492 .
1107 4481 1113 4492 .
1124 4479 1130 4492 .
1142 4441 1275 4506 moramini]
1311 4443 1418 4506 Quando

371 4527 440 4574 bunt
455 4527 485 4576 de
504 4525 603 4576 cellario
622 4539 714 4588 panem
732 4529 757 4572 et
775 4523 870 4584 justam
917 4539 978 4574 vero
1002 4519 1090 4574 obitus'
1112 4521 1209 4572 abbatis
1235 4523 1277 4572 vel
1302 4523 1418 4574 monachi

324 4649 326 4654 ,
372 4601 477 4666 siugulis
489 4603 576 4652 diebus
587 4619 630 4668 per
641 4611 691 4652 tres
701 4601 869 4652 hebdomadas
918 4601 1030 4652 evenerit
1052 4601 1154 4652 alterius
1176 4601 1270 4662 domus,
1283 4601 1304 4652 si
1326 4601 1419 4654 fuerint

371 4687 428 4730 ante
439 4681 601 4732 Nativitatem
612 4681 717 4732 Domini
728 4687 754 4732 et
764 4695 808 4744 per
818 4687 869 4732 tres
917 4681 949 4732 dc
959 4681 1068 4744 capitulo
1079 4679 1243 4732 llvesha'miae.
1277 4681 1341 4736 Ibid.
1369 4749 1371 4754 y
1420 4715 1421 4718 κ
