3308 5666
362 789 427 852 160
563 805 764 856 canonicor
787 803 942 854 Asnarrn
965 803 1011 854 us
1035 785 1207 856 svssr‘rsn.
1257 827 1258 830 =

194 995 261 1046 al).
277 999 347 1046 ¹20⁵·
364 1001 381 1030 “
403 1015 441 1058 ea
458 1017 558 1082 aquo
580 995 792 1060 maluerimus
813 989 1008 1080 accipiamus
1033 995 1191 1080 episcopa,
1207 993 1410 1072 ubidicitur,

270 1105 276 1110 ’
364 1103 380 1132 “
404 1097 669 1178 ‘Chrismavero
680 1097 787 1162 oleum
797 1099 954 1172 sanctum,
966 1095 1187 1162 dedicationes
1197 1095 1412 1172 ecclesiarum,

364 1207 382 1236 “
406 1201 684 1266 ‘consecrationes
707 1199 870 1278 altarium,
896 1197 1119 1264 ordinationes
1143 1197 1332 1264 clericorum
1356 1199 1413 1284 qui

365 1311 381 1340 ‘⁴
406 1305 468 1368 ‘ad
483 1323 591 1366 sacros
614 1301 744 1368 ordines
771 1301 894 1366 fuerint
917 1301 1141 1388 promovendi,
1165 1323 1185 1364 a
1208 1323 1413 1386 quocumque
1435 1327 1437 1332 ·

365 1413 383 1444 “
408 1403 609 1470 ‘malueritis
632 1403 817 1492 suscipiatis
841 1401 1008 1490 episcopo!
1034 1427 1048 1454 ·
1063 1403 1153 1484 Ecce,
1177 1407 1271 1490 pater
1293 1409 1412 1486 sancte,

366 1517 383 1544 “
405 1499 445 1572 ut
482 1507 563 1572 mihi
600 1507 740 1586 videtur,
779 1505 975 1572 sufficienter
1013 1505 1142 1572 ostendi
1172 1505 1416 1572 monasterium

367 1619 382 1646 “
405 1613 555 1674 nostrum
586 1631 651 1674 esse
676 1607 816 1676 liberum
843 1613 876 1674 et
907 1609 949 1674 ab
981 1607 1071 1674 omni
1097 1607 1324 1694 jurisdictione
1348 1609 1415 1694 epi-

369 1721 386 1750 “
409 1709 530 1798 scopeli
554 1733 684 1796 prorsus
707 1715 908 1796 exemptum,
931 1713 966 1774 et
989 1715 1104 1774 contra
1127 1709 1237 1774 omnia
1256 1709 1332 1796 jura
1349 1711 1415 1796 epi-

372 1823 388 1850 “
411 1813 553 1898 scopalia
567 1835 625 1898 pcr
648 1813 882 1900 praedictorum
905 1811 1153 1898 privilegiorum
1169 1811 1259 1876 dicta
1273 1811 1418 1898 capitula
1499 1877 1504 1886 ,

371 1925 387 1954 “
410 1917 505 2004 plene
528 1939 596 1982 esse
621 1917 793 1982 munitum.
851 1913 886 1980 Si
909 1935 989 1980 vero
1013 1913 1079 1980 alia
1102 1921 1180 1980 sunt
1199 1913 1276 2000 jura
1299 1915 1418 2000 episco-

371 2027 387 2056 “
410 2019 498 2108 palia
520 2025 633 2084 contra
656 2041 729 2104 quae
752 2039 810 2104 per
833 2017 1008 2104 privilegia
1031 2017 1254 2082 Rornanorum
1285 2019 1418 2102 pontifi-

353 2131 390 2184 ,‘¹
413 2143 486 2188 cum
508 2145 575 2186 non
599 2123 699 2186 simus
722 2121 852 2200 muniti,
876 2121 1018 2206 petimus
1038 2125 1152 2186 utros
1174 2119 1314 2206 vestigia
1337 2143 1417 2206 prae-

373 2231 390 2260 “
414 2225 618 2308 decessorum
635 2229 820 2288 vestrorum
842 2227 1016 2308 sequentes
1038 2223 1078 2288 de
1102 2227 1259 2288 consueta
1281 2225 1419 2288 clemen·

375 2327 464 2392 “tia
502 2331 536 2390 ct
569 2325 775 2414 benignitate
813 2325 899 2390 sedis
936 2325 1124 2412 apostolicae
1154 2325 1339 2414 suppleatis,
1378 2349 1419 2392 ne

373 2439 389 2464 “
412 2429 546 2494 ccclesia
567 2435 687 2508 nostra,
712 2429 812 2492 immo
835 2433 952 2506 vestra,
977 2451 997 2494 a
1020 2429 1072 2494 sui
1093 2429 1286 2494 fundatione
1316 2427 1421 2496 libera
1493 2479 1495 2482 -

373 2539 390 2566 “
415 2553 473 2618 pro
496 2531 624 2594 modico
647 2531 795 2618 episcopo
818 2531 948 2594 serviat.
997 2531 1058 2594 Sin
1081 2535 1202 2610 autern,
1226 2551 1356 2596 necesse
1371 2537 1421 2596 est

266 2659 279 2672 r
375 2641 392 2668 “
409 2637 455 2696 ut
488 2655 545 2720 pro
580 2633 631 2698 his
665 2635 813 2720 episcopo
848 2631 1112 2698 satisfaciamus.'’
1169 2633 1215 2698 Et
1246 2633 1317 2700 haec
1347 2655 1421 2696 oum

374 2757 494 2822 magno
520 2737 601 2800 fletu
626 2741 662 2800 et
692 2735 819 2822 ejulatu
850 2735 930 2800 dixi.
989 2735 1035 2798 Et
1059 2735 1210 2800 dominus
1240 2757 1325 2822 papa
1347 2755 1422 2798 oon-

299 2871 300 2876 *
374 2859 488 2904 versus
519 2839 561 2900 ad
593 2837 782 2914 cardinales
820 2837 1027 2914 subridendo,
1061 2837 1245 2922 vulgariter
1279 2835 1423 2922 loquens,
1482 2861 1484 2866 ’

209 2953 240 3002 R.
254 2949 319 3014 Clip-
376 2941 471 3016 dixit,
512 2945 531 2974 “
544 2939 613 3006 Iste
648 2939 758 3006 omnia
792 2939 897 3002 aufert
931 2939 1089 3024 episeopo,
1125 2945 1159 3004 et
1190 2945 1302 3026 postea
1333 2939 1423 3016 dicit,
1487 2961 1489 2964 ·

185 3027 360 3070 stonesum·
377 3051 394 3082 “
417 3043 540 3106 habeat
562 3037 732 3128 episcopus
755 3039 951 3118 residuum,''
974 3045 1009 3104 et
1032 3047 1224 3106 convertens
1248 3065 1281 3108 se
1304 3041 1346 3106 ad
1369 3041 1425 3104 ad·
1468 3047 1469 3052 ’

322 3099 337 3132 0

209 3087 300 3216 lllldd
311 3091 321 3134 t
376 3145 558 3212 versarium
580 3149 729 3208 nostrum
752 3143 849 3224 dixit,
875 3143 1077 3228 “Responde
1100 3141 1179 3208 his.'’

379 3449 428 3516 Dc
449 3447 666 3534 responsione
686 3445 1001 3534 nroptstrtRobertt
1016 3445 1278 3532 allegationibus
1296 3447 1428 3512 Thomcc
1516 3489 1517 3494 κ

467 3537 696 3628 ascondita
725 3549 870 3636 qualiter
897 3547 1087 3634 pctottcptu
1109 3547 1200 3632 folco
1225 3547 1375 3632 fucrant
1405 3569 1428 3610 o

467 3649 630 3734 magistro
653 3649 825 3736 R[otcrto]
848 3657 1013 3726 ucccrsoto,
1037 3647 1094 3716 scd
1121 3671 1142 3716 u
1166 3647 1308 3716 domino
1330 3669 1427 3736 popu

413 3773 414 3776 ¹
468 3759 509 3818 ot
530 3775 609 3820 ocra
632 3749 828 3842 approbato}
1319 3749 1321 3752 ’

215 3911 256 3960 He
267 3909 312 3956 im-
427 3893 473 3958 Et
488 3893 553 3972 ille,
569 3893 695 3958 “Pater
710 3895 829 3968 sancte,
842 3893 925 3956 bene
941 3889 1080 3956 dixisset
1097 3891 1301 3958 adversarius
1317 3883 1429 3956 noster

215 3973 348 4106 gssffinffie
384 3995 453 4060 “si
482 3995 662 4080 privilegia,
693 3995 728 4058 in
761 3993 879 4078 quibus
911 4015 1039 4058 omnem
1069 3993 1139 4058 vim
1169 3997 1202 4058 et
1232 3997 1428 4080 potestatem

216 4101 365 4158 nessoftte
385 4107 402 4136 “
425 4097 660 4188 allegationum
698 4117 831 4160 suarum
861 4095 939 4160 fecit
971 4099 1004 4160 et
1034 4095 1288 4160 fundamentum
1325 4097 1430 4160 totius

215 4175 369 4292 ffifflts·
383 4211 402 4258 ,“
425 4221 531 4264 causae
554 4219 621 4262 suae
644 4199 762 4284 posuit,
779 4219 858 4262 vera
873 4201 989 4274 essent,
1005 4219 1107 4282 quum
1123 4199 1190 4262 sint
1205 4199 1296 4262 falsa.
1342 4197 1430 4262 Nam

383 4313 399 4340 “
423 4303 515 4366 carta
543 4305 576 4364 ct
601 4301 716 4386 stylus,
742 4301 837 4364 filum
868 4303 901 4364 ct
931 4299 1032 4380 bulla,
1064 4299 1311 4386 privilegiorum
1346 4301 1431 4366 Con·
1533 4379 1536 4386 .

384 4413 401 4440 “
425 4401 565 4468 stantini
587 4401 720 4488 penitus
735 4403 771 4466 in
788 4405 873 4466 terra
893 4405 1009 4466 nostra
1024 4401 1139 4488 ignota
1153 4407 1239 4468 sunt.
1285 4403 1431 4480 Portitor
1490 4423 1491 4428 ¹

387 4515 403 4544 “
427 4527 505 4572 vero
550 4505 834 4590 indulgentiarum
880 4503 1057 4568 Clementis
1098 4509 1132 4568 st
1160 4499 1328 4570 'Celestini
1367 4505 1432 4568 fuit

386 4615 402 4642 “
426 4607 576 4694 publicus
604 4607 762 4684 falsarius,
794 4605 974 4672 Niclrolaus
998 4597 1271 4688 de'Warcuuich,
1299 4607 1333 4670 et
1358 4607 1431 4672 ideo

386 4721 402 4746 “
426 4733 480 4776 eas
502 4709 600 4776 falsas
629 4709 800 4788 oredimus,
826 4713 859 4774 et
886 4709 946 4772 hoc
977 4707 1065 4774 idem
1093 4709 1133 4774 de
1163 4709 1236 4776 aliis
1267 4707 1432 4774 dicimus.”
