<?xml version="1.0" encoding="UTF-8"?>
<!DOCTYPE html PUBLIC "-//W3C//DTD XHTML 1.0 Transitional//EN"
    "http://www.w3.org/TR/xhtml1/DTD/xhtml1-transitional.dtd">
<html xmlns="http://www.w3.org/1999/xhtml" xml:lang="en" lang="en">
 <head>
  <title>
</title>
<meta http-equiv="Content-Type" content="text/html;charset=utf-8" />
  <meta name='ocr-system' content='tesseract 3.04.00' />
  <meta name='ocr-capabilities' content='ocr_page ocr_carea ocr_par ocr_line ocrx_word'/>
</head>
<body>
  <div class='ocr_page' id='page_1' title='image "./chroniconabbati01marlgoog/chroniconabbati01marlgoog_0210.png"; bbox 0 0 3308 5666; ppageno 0'>
   <div class='ocr_carea' id='block_1_1' title="bbox 372 725 1215 786">
    <p class='ocr_par' dir='ltr' id='par_1_1' title="bbox 372 725 1215 786">
     <span class='ocr_line' id='line_1_1' title="bbox 372 725 1215 786; baseline -0.006 -1"><span class='ocrx_word' id='word_1_1' title='bbox 372 725 437 786; x_wconf 79' lang='lat'><strong>152</strong></span> <span class='ocrx_word' id='word_1_2' title='bbox 480 725 482 728; x_wconf 82' lang='grc'><strong>’</strong></span> <span class='ocrx_word' id='word_1_3' title='bbox 571 725 773 782; x_wconf 80' lang='lat' dir='ltr'><strong>esaosroos</strong></span> <span class='ocrx_word' id='word_1_4' title='bbox 795 725 951 776; x_wconf 74' lang='lat' dir='ltr'><strong>surnaria</strong></span> <span class='ocrx_word' id='word_1_5' title='bbox 975 729 1021 776; x_wconf 86' lang='lat' dir='ltr'><strong>nn</strong></span> <span class='ocrx_word' id='word_1_6' title='bbox 1045 729 1215 780; x_wconf 79' lang='lat' dir='ltr'><strong>nvnsnsn.</strong></span> 
     </span>
    </p>
   </div>
   <div class='ocr_carea' id='block_1_2' title="bbox 206 913 1530 2440">
    <p class='ocr_par' dir='ltr' id='par_1_2' title="bbox 206 913 1420 1106">
     <span class='ocr_line' id='line_1_2' title="bbox 206 913 1419 1002; baseline -0.003 -22"><span class='ocrx_word' id='word_1_7' title='bbox 206 931 274 980; x_wconf 73' lang='lat' dir='ltr'><strong>Am,</strong></span> <span class='ocrx_word' id='word_1_8' title='bbox 289 933 360 980; x_wconf 82' lang='lat'>1205.</span> <span class='ocrx_word' id='word_1_9' title='bbox 374 919 465 986; x_wconf 89' lang='lat' dir='ltr'><strong>diret.</strong></span> <span class='ocrx_word' id='word_1_10' title='bbox 512 915 558 980; x_wconf 83' lang='lat' dir='ltr'><strong>Et</strong></span> <span class='ocrx_word' id='word_1_11' title='bbox 599 937 700 1002; x_wconf 89' lang='lat' dir='ltr'><strong>quum</strong></span> <span class='ocrx_word' id='word_1_12' title='bbox 742 913 778 976; x_wconf 92' lang='lat' dir='ltr'><strong>in</strong></span> <span class='ocrx_word' id='word_1_13' title='bbox 815 915 948 1000; x_wconf 72' lang='lat' dir='ltr'><strong>longina</strong></span> <span class='ocrx_word' id='word_1_14' title='bbox 988 913 1192 1000; x_wconf 70' lang='lat' dir='ltr'><strong>protraheret</strong></span> <span class='ocrx_word' id='word_1_15' title='bbox 1231 935 1419 992; x_wconf 85' lang='lat' dir='ltr'><strong>sermonem,</strong></span> 
     </span>
     <span class='ocr_line' id='line_1_3' title="bbox 374 1015 1420 1106; baseline -0.004 -20"><span class='ocrx_word' id='word_1_16' title='bbox 374 1021 525 1088; x_wconf 87' lang='lat' dir='ltr'><strong>dominus</strong></span> <span class='ocrx_word' id='word_1_17' title='bbox 548 1031 632 1106; x_wconf 86' lang='lat' dir='ltr'><strong>papa</strong></span> <span class='ocrx_word' id='word_1_18' title='bbox 664 1017 763 1084; x_wconf 81' lang='lat' dir='ltr'><strong>taedio</strong></span> <span class='ocrx_word' id='word_1_19' title='bbox 797 1015 935 1082; x_wconf 78' lang='lat' dir='ltr'><strong>affectus</strong></span> <span class='ocrx_word' id='word_1_20' title='bbox 968 1017 1176 1102; x_wconf 83' lang='lat' dir='ltr'><strong>aliquantum</strong></span> <span class='ocrx_word' id='word_1_21' title='bbox 1208 1021 1303 1082; x_wconf 87' lang='lat' dir='ltr'><strong>torvo</strong></span> <span class='ocrx_word' id='word_1_22' title='bbox 1328 1017 1420 1084; x_wconf 86' lang='lat' dir='ltr'><strong>ooulo</strong></span> 
     </span>
    </p>

    <p class='ocr_par' dir='ltr' id='par_1_3' title="bbox 318 1119 1530 1410">
     <span class='ocr_line' id='line_1_4' title="bbox 318 1119 1530 1206; baseline -0.002 -20"><span class='ocrx_word' id='word_1_23' title='bbox 318 1201 319 1204; x_wconf 8' lang='grc' dir='ltr'><strong>Ἴ</strong></span> <span class='ocrx_word' id='word_1_24' title='bbox 375 1125 468 1188; x_wconf 88' lang='lat' dir='ltr'><strong>illum</strong></span> <span class='ocrx_word' id='word_1_25' title='bbox 492 1121 674 1206; x_wconf 81' lang='lat' dir='ltr'><strong>respiciens,</strong></span> <span class='ocrx_word' id='word_1_26' title='bbox 697 1119 792 1196; x_wconf 84' lang='lat' dir='ltr'><strong>dixit,</strong></span> <span class='ocrx_word' id='word_1_27' title='bbox 823 1119 1015 1184; x_wconf 81' lang='lat' dir='ltr'><strong>“Nolumus</strong></span> <span class='ocrx_word' id='word_1_28' title='bbox 1042 1123 1176 1182; x_wconf 89' lang='lat' dir='ltr'><strong>tantum</strong></span> <span class='ocrx_word' id='word_1_29' title='bbox 1207 1119 1422 1206; x_wconf 83' lang='lat' dir='ltr'><strong>prooemium3</strong></span> <span class='ocrx_word' id='word_1_30' title='bbox 1527 1189 1530 1200; x_wconf 46' lang='lat'><strong>,</strong></span> 
     </span>
     <span class='ocr_line' id='line_1_5' title="bbox 377 1219 1422 1308; baseline -0.002 -20"><span class='ocrx_word' id='word_1_31' title='bbox 377 1233 392 1260; x_wconf 89' lang='lat'><strong><em>“</em></strong></span> <span class='ocrx_word' id='word_1_32' title='bbox 415 1225 456 1288; x_wconf 79' lang='lat' dir='ltr'><strong>ad</strong></span> <span class='ocrx_word' id='word_1_33' title='bbox 488 1247 525 1288; x_wconf 93' lang='lat' dir='ltr'><strong>ea</strong></span> <span class='ocrx_word' id='word_1_34' title='bbox 556 1245 628 1308; x_wconf 86' lang='lat' dir='ltr'><strong>quae</strong></span> <span class='ocrx_word' id='word_1_35' title='bbox 658 1245 708 1286; x_wconf 93' lang='lat' dir='ltr'><strong>res</strong></span> <span class='ocrx_word' id='word_1_36' title='bbox 736 1219 898 1286; x_wconf 74' lang='lat' dir='ltr'><strong>desiderat</strong></span> <span class='ocrx_word' id='word_1_37' title='bbox 929 1219 1071 1288; x_wconf 85' lang='lat' dir='ltr'><strong>aooede.”</strong></span> <span class='ocrx_word' id='word_1_38' title='bbox 1117 1221 1162 1286; x_wconf 88' lang='lat' dir='ltr'><strong>Et</strong></span> <span class='ocrx_word' id='word_1_39' title='bbox 1192 1223 1260 1308; x_wconf 91' lang='lat' dir='ltr'><strong>ipse</strong></span> <span class='ocrx_word' id='word_1_40' title='bbox 1291 1229 1422 1308; x_wconf 89' lang='lat' dir='ltr'><strong>propter</strong></span> 
     </span>
     <span class='ocr_line' id='line_1_6' title="bbox 377 1323 1423 1410; baseline -0.002 -18"><span class='ocrx_word' id='word_1_41' title='bbox 377 1325 534 1392; x_wconf 88' lang='lat' dir='ltr'><strong>sermonis</strong></span> <span class='ocrx_word' id='word_1_42' title='bbox 556 1325 607 1388; x_wconf 91' lang='lat' dir='ltr'><strong>sui.</strong></span> <span class='ocrx_word' id='word_1_43' title='bbox 628 1323 909 1410; x_wconf 84' lang='lat' dir='ltr'><strong>interruptionem,</strong></span> <span class='ocrx_word' id='word_1_44' title='bbox 932 1329 971 1390; x_wconf 91' lang='lat' dir='ltr'><strong>ut</strong></span> <span class='ocrx_word' id='word_1_45' title='bbox 994 1323 1076 1390; x_wconf 88' lang='lat' dir='ltr'><strong>mihi</strong></span> <span class='ocrx_word' id='word_1_46' title='bbox 1098 1323 1281 1402; x_wconf 88' lang='lat' dir='ltr'><strong>videbatur,</strong></span> <span class='ocrx_word' id='word_1_47' title='bbox 1296 1329 1423 1410; x_wconf 87' lang='lat' dir='ltr'><strong>pertur-</strong></span> 
     </span>
    </p>

    <p class='ocr_par' dir='ltr' id='par_1_4' title="bbox 301 1427 1530 1720">
     <span class='ocr_line' id='line_1_7' title="bbox 301 1427 1466 1514; baseline -0.002 -22"><span class='ocrx_word' id='word_1_48' title='bbox 301 1461 304 1466; x_wconf 76' lang='lat'><strong>,</strong></span> <span class='ocrx_word' id='word_1_49' title='bbox 342 1463 343 1466; x_wconf 34' lang='lat'>¹</span> <span class='ocrx_word' id='word_1_50' title='bbox 377 1429 483 1504; x_wconf 90' lang='lat' dir='ltr'><strong>batus,</strong></span> <span class='ocrx_word' id='word_1_51' title='bbox 499 1427 541 1490; x_wconf 90' lang='lat' dir='ltr'><strong>ad</strong></span> <span class='ocrx_word' id='word_1_52' title='bbox 557 1427 719 1512; x_wconf 81' lang='lat' dir='ltr'><strong>judicium</strong></span> <span class='ocrx_word' id='word_1_53' title='bbox 734 1427 965 1514; x_wconf 79' lang='lat' dir='ltr'><strong>possessorium</strong></span> <span class='ocrx_word' id='word_1_54' title='bbox 989 1451 1022 1492; x_wconf 91' lang='lat' dir='ltr'><strong>se</strong></span> <span class='ocrx_word' id='word_1_55' title='bbox 1045 1427 1216 1508; x_wconf 81' lang='lat' dir='ltr'><strong>convertit,</strong></span> <span class='ocrx_word' id='word_1_56' title='bbox 1238 1431 1271 1488; x_wconf 88' lang='lat' dir='ltr'><strong>et</strong></span> <span class='ocrx_word' id='word_1_57' title='bbox 1295 1449 1423 1492; x_wconf 90' lang='lat' dir='ltr'><strong>omnem</strong></span> <span class='ocrx_word' id='word_1_58' title='bbox 1464 1451 1466 1454; x_wconf 91' lang='lat'>·</span> 
     </span>
     <span class='ocr_line' id='line_1_8' title="bbox 379 1529 1530 1616; baseline 0 -22"><span class='ocrx_word' id='word_1_59' title='bbox 379 1529 597 1594; x_wconf 87' lang='lat' dir='ltr'><strong>intentionem</strong></span> <span class='ocrx_word' id='word_1_60' title='bbox 624 1553 717 1596; x_wconf 90' lang='lat' dir='ltr'><strong>suam</strong></span> <span class='ocrx_word' id='word_1_61' title='bbox 747 1551 846 1616; x_wconf 89' lang='lat' dir='ltr'><strong>super</strong></span> <span class='ocrx_word' id='word_1_62' title='bbox 876 1553 914 1596; x_wconf 92' lang='lat' dir='ltr'><strong>eo</strong></span> <span class='ocrx_word' id='word_1_63' title='bbox 944 1529 1107 1608; x_wconf 82' lang='lat' dir='ltr'><strong>fundavit,</strong></span> <span class='ocrx_word' id='word_1_64' title='bbox 1131 1535 1164 1594; x_wconf 95' lang='lat' dir='ltr'><strong>et</strong></span> <span class='ocrx_word' id='word_1_65' title='bbox 1188 1529 1426 1616; x_wconf 89' lang='lat' dir='ltr'><strong>elegantissime</strong></span> <span class='ocrx_word' id='word_1_66' title='bbox 1526 1579 1530 1582; x_wconf 63' lang='lat'><strong>„</strong></span> 
     </span>
     <span class='ocr_line' id='line_1_9' title="bbox 379 1625 1426 1720; baseline -0.002 -22"><span class='ocrx_word' id='word_1_67' title='bbox 379 1633 521 1720; x_wconf 87' lang='lat' dir='ltr'><strong>allegans</strong></span> <span class='ocrx_word' id='word_1_68' title='bbox 560 1631 729 1720; x_wconf 83' lang='lat' dir='ltr'><strong>profundis</strong></span> <span class='ocrx_word' id='word_1_69' title='bbox 776 1639 809 1696; x_wconf 88' lang='lat' dir='ltr'><strong>et</strong></span> <span class='ocrx_word' id='word_1_70' title='bbox 856 1633 988 1718; x_wconf 88' lang='lat' dir='ltr'><strong>optimis</strong></span> <span class='ocrx_word' id='word_1_71' title='bbox 1037 1631 1218 1698; x_wconf 88' lang='lat' dir='ltr'><strong>rationibus</strong></span> <span class='ocrx_word' id='word_1_72' title='bbox 1256 1625 1426 1698; x_wconf 81' lang='lat' dir='ltr'><strong>nitebatur</strong></span> 
     </span>
    </p>

    <p class='ocr_par' dir='ltr' id='par_1_5' title="bbox 342 1733 1521 2440">
     <span class='ocr_line' id='line_1_10' title="bbox 342 1733 1428 1822; baseline -0.002 -20"><span class='ocrx_word' id='word_1_73' title='bbox 342 1759 347 1766; x_wconf 80' lang='grc'><strong>’·</strong></span> <span class='ocrx_word' id='word_1_74' title='bbox 380 1735 548 1802; x_wconf 90' lang='lat' dir='ltr'><strong>ostendere</strong></span> <span class='ocrx_word' id='word_1_75' title='bbox 578 1737 775 1802; x_wconf 90' lang='lat' dir='ltr'><strong>sententiam</strong></span> <span class='ocrx_word' id='word_1_76' title='bbox 804 1735 840 1800; x_wconf 90' lang='lat' dir='ltr'><strong>in</strong></span> <span class='ocrx_word' id='word_1_77' title='bbox 866 1735 992 1820; x_wconf 81' lang='lat' dir='ltr'><strong>judicio</strong></span> <span class='ocrx_word' id='word_1_78' title='bbox 1023 1737 1216 1822; x_wconf 91' lang='lat' dir='ltr'><strong>possessorio</strong></span> <span class='ocrx_word' id='word_1_79' title='bbox 1247 1737 1282 1800; x_wconf 90' lang='lat' dir='ltr'><strong>in</strong></span> <span class='ocrx_word' id='word_1_80' title='bbox 1306 1733 1428 1820; x_wconf 81' lang='lat' dir='ltr'><strong>Anglia</strong></span> 
     </span>
     <span class='ocr_line' id='line_1_11' title="bbox 379 1837 1427 1932; baseline 0.001 -30"><span class='ocrx_word' id='word_1_81' title='bbox 379 1861 438 1924; x_wconf 90' lang='lat' dir='ltr'><strong>pro</strong></span> <span class='ocrx_word' id='word_1_82' title='bbox 462 1839 609 1924; x_wconf 85' lang='lat' dir='ltr'><strong>episeopo</strong></span> <span class='ocrx_word' id='word_1_83' title='bbox 632 1841 693 1904; x_wconf 86' lang='lat' dir='ltr'><strong>n&#39;te</strong></span> <span class='ocrx_word' id='word_1_84' title='bbox 716 1837 816 1902; x_wconf 84' lang='lat' dir='ltr'><strong>fuisse</strong></span> <span class='ocrx_word' id='word_1_85' title='bbox 839 1839 939 1902; x_wconf 89' lang='lat' dir='ltr'><strong>latam</strong></span> <span class='ocrx_word' id='word_1_86' title='bbox 963 1841 997 1902; x_wconf 91' lang='lat' dir='ltr'><strong>et</strong></span> <span class='ocrx_word' id='word_1_87' title='bbox 1020 1859 1089 1932; x_wconf 89' lang='lat' dir='ltr'><strong>esse</strong></span> <span class='ocrx_word' id='word_1_88' title='bbox 1111 1837 1300 1922; x_wconf 84' lang='lat' dir='ltr'><strong>legitimam,</strong></span> <span class='ocrx_word' id='word_1_89' title='bbox 1328 1841 1427 1924; x_wconf 85' lang='lat' dir='ltr'><strong>quare</strong></span> 
     </span>
     <span class='ocr_line' id='line_1_12' title="bbox 380 1941 1521 2028; baseline 0 -22"><span class='ocrx_word' id='word_1_90' title='bbox 380 1941 525 2028; x_wconf 84' lang='lat' dir='ltr'><strong>ejusdem</strong></span> <span class='ocrx_word' id='word_1_91' title='bbox 548 1967 568 2008; x_wconf 92' lang='lat' dir='ltr'><strong>a</strong></span> <span class='ocrx_word' id='word_1_92' title='bbox 590 1943 720 2010; x_wconf 87' lang='lat' dir='ltr'><strong>domino</strong></span> <span class='ocrx_word' id='word_1_93' title='bbox 743 1965 828 2028; x_wconf 84' lang='lat' dir='ltr'><strong>papa</strong></span> <span class='ocrx_word' id='word_1_94' title='bbox 843 1943 940 2028; x_wconf 89' lang='lat' dir='ltr'><strong>petiit</strong></span> <span class='ocrx_word' id='word_1_95' title='bbox 954 1941 1120 2006; x_wconf 84' lang='lat' dir='ltr'><strong>instanter</strong></span> <span class='ocrx_word' id='word_1_96' title='bbox 1141 1943 1427 2008; x_wconf 79' lang='lat' dir='ltr'><strong>confirmationem.</strong></span> <span class='ocrx_word' id='word_1_97' title='bbox 1520 1953 1521 1956; x_wconf 76' lang='grc'>’</span> 
     </span>
     <span class='ocr_line' id='line_1_13' title="bbox 380 2043 1429 2132; baseline -0.002 -24"><span class='ocrx_word' id='word_1_98' title='bbox 380 2045 425 2108; x_wconf 85' lang='lat' dir='ltr'><strong>Et</strong></span> <span class='ocrx_word' id='word_1_99' title='bbox 449 2067 551 2130; x_wconf 90' lang='lat' dir='ltr'><strong>quum</strong></span> <span class='ocrx_word' id='word_1_100' title='bbox 567 2045 717 2110; x_wconf 89' lang='lat' dir='ltr'><strong>dominus</strong></span> <span class='ocrx_word' id='word_1_101' title='bbox 734 2067 816 2132; x_wconf 91' lang='lat' dir='ltr'><strong>papa</strong></span> <span class='ocrx_word' id='word_1_102' title='bbox 837 2043 942 2108; x_wconf 76' lang='lat' dir='ltr'><strong>adhue</strong></span> <span class='ocrx_word' id='word_1_103' title='bbox 966 2045 997 2108; x_wconf 94' lang='lat' dir='ltr'><strong>ei</strong></span> <span class='ocrx_word' id='word_1_104' title='bbox 1019 2043 1141 2108; x_wconf 81' lang='lat' dir='ltr'><strong>diceret</strong></span> <span class='ocrx_word' id='word_1_105' title='bbox 1164 2049 1203 2110; x_wconf 95' lang='lat' dir='ltr'><strong>ut</strong></span> <span class='ocrx_word' id='word_1_106' title='bbox 1226 2043 1429 2130; x_wconf 83' lang='lat' dir='ltr'><strong>breviloquio</strong></span> 
     </span>
     <span class='ocr_line' id='line_1_14' title="bbox 379 2141 1431 2234; baseline -0.001 -23"><span class='ocrx_word' id='word_1_107' title='bbox 379 2151 538 2228; x_wconf 89' lang='lat' dir='ltr'><strong>uteretur,</strong></span> <span class='ocrx_word' id='word_1_108' title='bbox 554 2149 688 2214; x_wconf 89' lang='lat' dir='ltr'><strong>tandem</strong></span> <span class='ocrx_word' id='word_1_109' title='bbox 704 2145 872 2234; x_wconf 85' lang='lat' dir='ltr'><strong>eompletis</strong></span> <span class='ocrx_word' id='word_1_110' title='bbox 895 2147 1147 2232; x_wconf 84' lang='lat' dir='ltr'><strong>allegationibus</strong></span> <span class='ocrx_word' id='word_1_111' title='bbox 1163 2151 1259 2234; x_wconf 90' lang='lat' dir='ltr'><strong>super</strong></span> <span class='ocrx_word' id='word_1_112' title='bbox 1274 2141 1431 2234; x_wconf 86' lang='lat' dir='ltr'><strong>praediota</strong></span> 
     </span>
     <span class='ocr_line' id='line_1_15' title="bbox 381 2249 1431 2336; baseline -0.002 -22"><span class='ocrx_word' id='word_1_113' title='bbox 381 2249 547 2316; x_wconf 89' lang='lat' dir='ltr'><strong>sententia</strong></span> <span class='ocrx_word' id='word_1_114' title='bbox 561 2251 630 2316; x_wconf 93' lang='lat' dir='ltr'><strong>lata</strong></span> <span class='ocrx_word' id='word_1_115' title='bbox 646 2273 702 2336; x_wconf 93' lang='lat' dir='ltr'><strong>pro</strong></span> <span class='ocrx_word' id='word_1_116' title='bbox 720 2249 869 2336; x_wconf 88' lang='lat' dir='ltr'><strong>episeopo</strong></span> <span class='ocrx_word' id='word_1_117' title='bbox 886 2249 927 2312; x_wconf 91' lang='lat' dir='ltr'><strong>in</strong></span> <span class='ocrx_word' id='word_1_118' title='bbox 945 2249 1071 2334; x_wconf 81' lang='lat' dir='ltr'><strong>judicio</strong></span> <span class='ocrx_word' id='word_1_119' title='bbox 1087 2251 1289 2336; x_wconf 90' lang='lat' dir='ltr'><strong>possessorio,</strong></span> <span class='ocrx_word' id='word_1_120' title='bbox 1305 2251 1431 2316; x_wconf 83' lang='lat' dir='ltr'><strong>intaeta</strong></span> 
     </span>
     <span class='ocr_line' id='line_1_16' title="bbox 381 2351 1012 2440; baseline -0.006 -22"><span class='ocrx_word' id='word_1_121' title='bbox 381 2375 479 2420; x_wconf 86' lang='lat' dir='ltr'><strong>eausa</strong></span> <span class='ocrx_word' id='word_1_122' title='bbox 493 2353 709 2440; x_wconf 88' lang='lat' dir='ltr'><strong>proprietatis,</strong></span> <span class='ocrx_word' id='word_1_123' title='bbox 725 2351 894 2420; x_wconf 79' lang='lat' dir='ltr'><strong>subticuit.</strong></span> <span class='ocrx_word' id='word_1_124' title='bbox 1011 2411 1012 2414; x_wconf 74' lang='grc'>,</span> 
     </span>
    </p>
   </div>
   <div class='ocr_carea' id='block_1_3' title="bbox 444 2623 1374 2820">
    <p class='ocr_par' dir='ltr' id='par_1_6' title="bbox 444 2609 1374 2820">
     <span class='ocr_line' id='line_1_17' title="bbox 444 2623 1374 2714; baseline 0 -20"><span class='ocrx_word' id='word_1_125' title='bbox 444 2625 493 2696; x_wconf 86' lang='lat' dir='ltr'><strong>Do</strong></span> <span class='ocrx_word' id='word_1_126' title='bbox 516 2625 730 2714; x_wconf 79' lang='lat' dir='ltr'><strong>responsione</strong></span> <span class='ocrx_word' id='word_1_127' title='bbox 756 2625 886 2694; x_wconf 76' lang='lat' dir='ltr'><strong>Ttomoe</strong></span> <span class='ocrx_word' id='word_1_128' title='bbox 910 2625 1069 2694; x_wconf 76' lang='lat' dir='ltr'><strong>oroooolai</strong></span> <span class='ocrx_word' id='word_1_129' title='bbox 1093 2623 1374 2712; x_wconf 52' lang='lat' dir='ltr'><strong>retransmittas</strong></span> 
     </span>
     <span class='ocr_line' id='line_1_18' title="bbox 749 2729 1077 2820; baseline -0.006 -26"><span class='ocrx_word' id='word_1_130' title='bbox 749 2729 910 2820; x_wconf 72' lang='lat' dir='ltr'><strong>magistri</strong></span> <span class='ocrx_word' id='word_1_131' title='bbox 932 2729 1077 2794; x_wconf 71' lang='lat' dir='ltr'><strong>Robora.</strong></span> 
     </span>
    </p>
   </div>
   <div class='ocr_carea' id='block_1_4' title="bbox 353 2861 1497 4482">
    <p class='ocr_par' dir='ltr' id='par_1_7' title="bbox 353 2861 1497 4482">
     <span class='ocr_line' id='line_1_19' title="bbox 353 2861 1434 2960; baseline 0 -32"><span class='ocrx_word' id='word_1_132' title='bbox 353 2947 358 2960; x_wconf 33' lang='grc' dir='ltr'>Ι</span> <span class='ocrx_word' id='word_1_133' title='bbox 431 2861 514 2930; x_wconf 84' lang='lat' dir='ltr'><strong>Tum</strong></span> <span class='ocrx_word' id='word_1_134' title='bbox 539 2887 597 2950; x_wconf 86' lang='lat' dir='ltr'><strong>ego</strong></span> <span class='ocrx_word' id='word_1_135' title='bbox 621 2865 700 2948; x_wconf 83' lang='lat' dir='ltr'><strong>dixi,</strong></span> <span class='ocrx_word' id='word_1_136' title='bbox 725 2863 847 2928; x_wconf 86' lang='lat' dir='ltr'><strong>“Pater</strong></span> <span class='ocrx_word' id='word_1_137' title='bbox 864 2865 995 2942; x_wconf 77' lang='lat' dir='ltr'><strong>sancte,</strong></span> <span class='ocrx_word' id='word_1_138' title='bbox 1019 2885 1122 2948; x_wconf 91' lang='lat' dir='ltr'><strong>quum</strong></span> <span class='ocrx_word' id='word_1_139' title='bbox 1152 2865 1194 2930; x_wconf 80' lang='lat' dir='ltr'><strong>ad</strong></span> <span class='ocrx_word' id='word_1_140' title='bbox 1216 2863 1434 2950; x_wconf 81' lang='lat' dir='ltr'><strong>recipiendam</strong></span> 
     </span>
     <span class='ocr_line' id='line_1_20' title="bbox 386 2965 1435 3052; baseline 0.002 -22"><span class='ocrx_word' id='word_1_141' title='bbox 386 2975 402 3002; x_wconf 67' lang='lat'><strong>‘³</strong></span> <span class='ocrx_word' id='word_1_142' title='bbox 426 2969 622 3032; x_wconf 88' lang='lat' dir='ltr'><strong>sententiam</strong></span> <span class='ocrx_word' id='word_1_143' title='bbox 646 2967 681 3030; x_wconf 89' lang='lat' dir='ltr'><strong>in</strong></span> <span class='ocrx_word' id='word_1_144' title='bbox 704 2987 801 3032; x_wconf 85' lang='lat' dir='ltr'><strong>eausa</strong></span> <span class='ocrx_word' id='word_1_145' title='bbox 822 2965 1030 3050; x_wconf 89' lang='lat' dir='ltr'><strong>proprietatis</strong></span> <span class='ocrx_word' id='word_1_146' title='bbox 1058 2987 1155 3050; x_wconf 87' lang='lat' dir='ltr'><strong>super</strong></span> <span class='ocrx_word' id='word_1_147' title='bbox 1178 2965 1378 3052; x_wconf 81' lang='lat' dir='ltr'><strong>subjectione</strong></span> <span class='ocrx_word' id='word_1_148' title='bbox 1402 2971 1435 3032; x_wconf 99' lang='lat' dir='ltr'><strong>et</strong></span> 
     </span>
     <span class='ocr_line' id='line_1_21' title="bbox 386 3067 1436 3154; baseline 0 -20"><span class='ocrx_word' id='word_1_149' title='bbox 386 3069 632 3152; x_wconf 82' lang='lat' dir='ltr'><strong>“exemptione</strong></span> <span class='ocrx_word' id='word_1_150' title='bbox 671 3067 861 3134; x_wconf 87' lang='lat' dir='ltr'><strong>monasterii</strong></span> <span class='ocrx_word' id='word_1_151' title='bbox 898 3069 1003 3134; x_wconf 88' lang='lat' dir='ltr'><strong>nostri</strong></span> <span class='ocrx_word' id='word_1_152' title='bbox 1037 3069 1079 3132; x_wconf 90' lang='lat' dir='ltr'><strong>ad</strong></span> <span class='ocrx_word' id='word_1_153' title='bbox 1113 3069 1211 3154; x_wconf 90' lang='lat' dir='ltr'><strong>pedes</strong></span> <span class='ocrx_word' id='word_1_154' title='bbox 1249 3071 1436 3136; x_wconf 80' lang='lat' dir='ltr'><strong>sanctitatis</strong></span> 
     </span>
     <span class='ocr_line' id='line_1_22' title="bbox 387 3165 1437 3256; baseline 0.004 -22"><span class='ocrx_word' id='word_1_155' title='bbox 387 3179 403 3204; x_wconf 92' lang='lat'><strong>“</strong></span> <span class='ocrx_word' id='word_1_156' title='bbox 426 3175 545 3234; x_wconf 73' lang='lat' dir='ltr'><strong>vestrm</strong></span> <span class='ocrx_word' id='word_1_157' title='bbox 571 3171 772 3246; x_wconf 79' lang='lat' dir='ltr'><strong>venerimus,</strong></span> <span class='ocrx_word' id='word_1_158' title='bbox 795 3191 875 3232; x_wconf 89' lang='lat' dir='ltr'><strong>num</strong></span> <span class='ocrx_word' id='word_1_159' title='bbox 909 3169 1016 3254; x_wconf 87' lang='lat' dir='ltr'><strong>plaoet</strong></span> <span class='ocrx_word' id='word_1_160' title='bbox 1039 3165 1133 3234; x_wconf 85' lang='lat' dir='ltr'><strong>vobis</strong></span> <span class='ocrx_word' id='word_1_161' title='bbox 1164 3171 1252 3256; x_wconf 90' lang='lat' dir='ltr'><strong>quod</strong></span> <span class='ocrx_word' id='word_1_162' title='bbox 1280 3171 1332 3236; x_wconf 90' lang='lat' dir='ltr'><strong>his</strong></span> <span class='ocrx_word' id='word_1_163' title='bbox 1363 3195 1437 3256; x_wconf 85' lang='lat' dir='ltr'><strong>quae</strong></span> 
     </span>
     <span class='ocr_line' id='line_1_23' title="bbox 388 3269 1439 3358; baseline 0.003 -22"><span class='ocrx_word' id='word_1_164' title='bbox 388 3281 523 3358; x_wconf 87' lang='lat' dir='ltr'><strong>“super</strong></span> <span class='ocrx_word' id='word_1_165' title='bbox 554 3271 753 3358; x_wconf 87' lang='lat' dir='ltr'><strong>possessione</strong></span> <span class='ocrx_word' id='word_1_166' title='bbox 789 3269 831 3334; x_wconf 90' lang='lat' dir='ltr'><strong>ab</strong></span> <span class='ocrx_word' id='word_1_167' title='bbox 869 3271 1054 3336; x_wconf 84' lang='lat' dir='ltr'><strong>adversario</strong></span> <span class='ocrx_word' id='word_1_168' title='bbox 1091 3275 1202 3338; x_wconf 91' lang='lat' dir='ltr'><strong>nostro</strong></span> <span class='ocrx_word' id='word_1_169' title='bbox 1241 3271 1331 3338; x_wconf 87' lang='lat' dir='ltr'><strong>diota</strong></span> <span class='ocrx_word' id='word_1_170' title='bbox 1361 3281 1439 3340; x_wconf 90' lang='lat' dir='ltr'><strong>sunt</strong></span> 
     </span>
     <span class='ocr_line' id='line_1_24' title="bbox 389 3371 1439 3462; baseline 0.004 -26"><span class='ocrx_word' id='word_1_171' title='bbox 389 3383 405 3408; x_wconf 90' lang='lat'><strong>“</strong></span> <span class='ocrx_word' id='word_1_172' title='bbox 428 3373 639 3460; x_wconf 84' lang='lat' dir='ltr'><strong>respondeam</strong></span> <span class='ocrx_word' id='word_1_173' title='bbox 662 3397 762 3458; x_wconf 89' lang='lat' dir='ltr'><strong>quum</strong></span> <span class='ocrx_word' id='word_1_174' title='bbox 791 3395 848 3460; x_wconf 90' lang='lat' dir='ltr'><strong>per</strong></span> <span class='ocrx_word' id='word_1_175' title='bbox 869 3373 1011 3458; x_wconf 83' lang='lat' dir='ltr'><strong>gratiam</strong></span> <span class='ocrx_word' id='word_1_176' title='bbox 1035 3371 1099 3436; x_wconf 89' lang='lat' dir='ltr'><strong>Dei</strong></span> <span class='ocrx_word' id='word_1_177' title='bbox 1122 3379 1155 3440; x_wconf 93' lang='lat' dir='ltr'><strong>et</strong></span> <span class='ocrx_word' id='word_1_178' title='bbox 1179 3379 1323 3440; x_wconf 85' lang='lat' dir='ltr'><strong>vestram</strong></span> <span class='ocrx_word' id='word_1_179' title='bbox 1345 3377 1439 3462; x_wconf 88' lang='lat' dir='ltr'><strong>quasi</strong></span> 
     </span>
     <span class='ocr_line' id='line_1_25' title="bbox 389 3473 1439 3562; baseline 0.002 -22"><span class='ocrx_word' id='word_1_180' title='bbox 389 3485 405 3512; x_wconf 85' lang='lat'><strong>“</strong></span> <span class='ocrx_word' id='word_1_181' title='bbox 429 3479 657 3542; x_wconf 88' lang='lat' dir='ltr'><strong>momentanea</strong></span> <span class='ocrx_word' id='word_1_182' title='bbox 672 3477 715 3540; x_wconf 88' lang='lat' dir='ltr'><strong>sit</strong></span> <span class='ocrx_word' id='word_1_183' title='bbox 730 3477 788 3540; x_wconf 88' lang='lat' dir='ltr'><strong>illa</strong></span> <span class='ocrx_word' id='word_1_184' title='bbox 809 3475 965 3560; x_wconf 89' lang='lat' dir='ltr'><strong>possessio</strong></span> <span class='ocrx_word' id='word_1_185' title='bbox 984 3473 1176 3562; x_wconf 77' lang='lat' dir='ltr'><strong>episeopit&#39;&#39;</strong></span> <span class='ocrx_word' id='word_1_186' title='bbox 1222 3477 1266 3542; x_wconf 88' lang='lat' dir='ltr'><strong>Et</strong></span> <span class='ocrx_word' id='word_1_187' title='bbox 1288 3475 1439 3542; x_wconf 89' lang='lat' dir='ltr'><strong>dominus</strong></span> 
     </span>
     <span class='ocr_line' id='line_1_26' title="bbox 390 3575 1440 3666; baseline 0.002 -22"><span class='ocrx_word' id='word_1_188' title='bbox 390 3601 484 3666; x_wconf 86' lang='lat' dir='ltr'><strong>papa,</strong></span> <span class='ocrx_word' id='word_1_189' title='bbox 509 3577 614 3644; x_wconf 88' lang='lat' dir='ltr'><strong>“Non</strong></span> <span class='ocrx_word' id='word_1_190' title='bbox 636 3575 841 3664; x_wconf 82' lang='lat' dir='ltr'><strong>loquamini,&#39;&#39;</strong></span> <span class='ocrx_word' id='word_1_191' title='bbox 864 3575 982 3662; x_wconf 89' lang='lat' dir='ltr'><strong>inquit,</strong></span> <span class='ocrx_word' id='word_1_192' title='bbox 1007 3575 1151 3642; x_wconf 88' lang='lat' dir='ltr'><strong>“amodo</strong></span> <span class='ocrx_word' id='word_1_193' title='bbox 1175 3579 1215 3644; x_wconf 90' lang='lat' dir='ltr'><strong>de</strong></span> <span class='ocrx_word' id='word_1_194' title='bbox 1238 3577 1295 3642; x_wconf 91' lang='lat' dir='ltr'><strong>illa</strong></span> <span class='ocrx_word' id='word_1_195' title='bbox 1316 3601 1440 3666; x_wconf 88' lang='lat' dir='ltr'><strong>posses-</strong></span> 
     </span>
     <span class='ocr_line' id='line_1_27' title="bbox 391 3679 1497 3770; baseline 0.002 -24"><span class='ocrx_word' id='word_1_196' title='bbox 391 3691 407 3718; x_wconf 91' lang='lat'>“</span> <span class='ocrx_word' id='word_1_197' title='bbox 431 3681 528 3758; x_wconf 91' lang='lat' dir='ltr'><strong>sione,</strong></span> <span class='ocrx_word' id='word_1_198' title='bbox 570 3683 625 3748; x_wconf 90' lang='lat' dir='ltr'><strong>sed</strong></span> <span class='ocrx_word' id='word_1_199' title='bbox 662 3685 793 3748; x_wconf 86' lang='lat' dir='ltr'><strong>tantum</strong></span> <span class='ocrx_word' id='word_1_200' title='bbox 840 3679 879 3744; x_wconf 90' lang='lat' dir='ltr'><strong>de</strong></span> <span class='ocrx_word' id='word_1_201' title='bbox 922 3679 1124 3766; x_wconf 84' lang='lat' dir='ltr'><strong>subjectione</strong></span> <span class='ocrx_word' id='word_1_202' title='bbox 1162 3687 1197 3748; x_wconf 92' lang='lat' dir='ltr'><strong>et</strong></span> <span class='ocrx_word' id='word_1_203' title='bbox 1234 3683 1440 3770; x_wconf 82' lang='lat' dir='ltr'><strong>exemptione</strong></span> <span class='ocrx_word' id='word_1_204' title='bbox 1495 3711 1497 3728; x_wconf 61' lang='lat'>2</span> 
     </span>
     <span class='ocr_line' id='line_1_28' title="bbox 392 3783 1442 3870; baseline 0 -22"><span class='ocrx_word' id='word_1_205' title='bbox 392 3795 408 3820; x_wconf 89' lang='lat'><strong><em>“</em></strong></span> <span class='ocrx_word' id='word_1_206' title='bbox 431 3785 627 3862; x_wconf 88' lang='lat' dir='ltr'><strong>monasterii,</strong></span> <span class='ocrx_word' id='word_1_207' title='bbox 650 3787 684 3848; x_wconf 89' lang='lat' dir='ltr'><strong>et</strong></span> <span class='ocrx_word' id='word_1_208' title='bbox 706 3787 837 3850; x_wconf 82' lang='lat' dir='ltr'><strong>tantmn</strong></span> <span class='ocrx_word' id='word_1_209' title='bbox 861 3787 1087 3868; x_wconf 81' lang='lat' dir='ltr'><strong>procuratores</strong></span> <span class='ocrx_word' id='word_1_210' title='bbox 1117 3783 1293 3870; x_wconf 89' lang='lat' dir='ltr'><strong>loquantur</strong></span> <span class='ocrx_word' id='word_1_211' title='bbox 1322 3789 1361 3848; x_wconf 95' lang='lat' dir='ltr'><strong>ut</strong></span> <span class='ocrx_word' id='word_1_212' title='bbox 1383 3807 1442 3870; x_wconf 89' lang='lat' dir='ltr'><strong>per</strong></span> 
     </span>
     <span class='ocr_line' id='line_1_29' title="bbox 393 3885 1441 3970; baseline -0.004 -16"><span class='ocrx_word' id='word_1_213' title='bbox 393 3895 409 3922; x_wconf 90' lang='lat'><strong><em>“</em></strong></span> <span class='ocrx_word' id='word_1_214' title='bbox 433 3911 485 3954; x_wconf 91' lang='lat' dir='ltr'><strong>eos</strong></span> <span class='ocrx_word' id='word_1_215' title='bbox 509 3887 549 3952; x_wconf 88' lang='lat' dir='ltr'><strong>de</strong></span> <span class='ocrx_word' id='word_1_216' title='bbox 569 3887 657 3952; x_wconf 82' lang='lat' dir='ltr'><strong>faoto</strong></span> <span class='ocrx_word' id='word_1_217' title='bbox 680 3887 905 3962; x_wconf 79' lang='lat' dir='ltr'><strong>certificemur,</strong></span> <span class='ocrx_word' id='word_1_218' title='bbox 929 3885 1007 3968; x_wconf 87' lang='lat' dir='ltr'><strong>quia</strong></span> <span class='ocrx_word' id='word_1_219' title='bbox 1029 3889 1168 3968; x_wconf 91' lang='lat' dir='ltr'><strong>uterque</strong></span> <span class='ocrx_word' id='word_1_220' title='bbox 1194 3893 1339 3952; x_wconf 84' lang='lat' dir='ltr'><strong>vestrum</strong></span> <span class='ocrx_word' id='word_1_221' title='bbox 1357 3885 1441 3970; x_wconf 87' lang='lat' dir='ltr'><strong>juris</strong></span> 
     </span>
     <span class='ocr_line' id='line_1_30' title="bbox 394 3977 1442 4076; baseline -0.002 -22"><span class='ocrx_word' id='word_1_222' title='bbox 394 3999 410 4024; x_wconf 89' lang='lat'><strong>“</strong></span> <span class='ocrx_word' id='word_1_223' title='bbox 434 3989 558 4076; x_wconf 86' lang='lat' dir='ltr'><strong>peritus</strong></span> <span class='ocrx_word' id='word_1_224' title='bbox 573 3995 631 4068; x_wconf 86' lang='lat' dir='ltr'><strong>est,</strong></span> <span class='ocrx_word' id='word_1_225' title='bbox 648 3977 682 4052; x_wconf 87' lang='lat' dir='ltr'><strong>et</strong></span> <span class='ocrx_word' id='word_1_226' title='bbox 698 4009 798 4074; x_wconf 91' lang='lat' dir='ltr'><strong>quum</strong></span> <span class='ocrx_word' id='word_1_227' title='bbox 822 4007 903 4074; x_wconf 90' lang='lat' dir='ltr'><strong>opus</strong></span> <span class='ocrx_word' id='word_1_228' title='bbox 926 3987 1027 4052; x_wconf 82' lang='lat' dir='ltr'><strong>fuerit</strong></span> <span class='ocrx_word' id='word_1_229' title='bbox 1050 3985 1201 4054; x_wconf 84' lang='lat' dir='ltr'><strong>advocati</strong></span> <span class='ocrx_word' id='word_1_230' title='bbox 1223 3989 1442 4076; x_wconf 86' lang='lat' dir='ltr'><strong>respondeant</strong></span> 
     </span>
     <span class='ocr_line' id='line_1_31' title="bbox 394 4087 1443 4174; baseline 0 -20"><span class='ocrx_word' id='word_1_231' title='bbox 394 4091 528 4158; x_wconf 84' lang='lat' dir='ltr'><strong>“nobis</strong></span> <span class='ocrx_word' id='word_1_232' title='bbox 562 4091 603 4156; x_wconf 89' lang='lat' dir='ltr'><strong>de</strong></span> <span class='ocrx_word' id='word_1_233' title='bbox 635 4091 738 4174; x_wconf 85' lang='lat' dir='ltr'><strong>jure.&#39;&#39;</strong></span> <span class='ocrx_word' id='word_1_234' title='bbox 795 4089 957 4154; x_wconf 82' lang='lat' dir='ltr'><strong>Stetimus</strong></span> <span class='ocrx_word' id='word_1_235' title='bbox 995 4089 1083 4154; x_wconf 91' lang='lat' dir='ltr'><strong>enim</strong></span> <span class='ocrx_word' id='word_1_236' title='bbox 1121 4087 1239 4154; x_wconf 85' lang='lat' dir='ltr'><strong>vallati</strong></span> <span class='ocrx_word' id='word_1_237' title='bbox 1274 4091 1443 4174; x_wconf 51' lang='lat' dir='ltr'><strong>¹advocatis</strong></span> 
     </span>
     <span class='ocr_line' id='line_1_32' title="bbox 395 4189 1443 4276; baseline -0.004 -18"><span class='ocrx_word' id='word_1_238' title='bbox 395 4193 536 4274; x_wconf 82' lang='lat' dir='ltr'><strong>nostris3</strong></span> <span class='ocrx_word' id='word_1_239' title='bbox 560 4193 819 4258; x_wconf 79' lang='lat' dir='ltr'><strong>conduxeramus</strong></span> <span class='ocrx_word' id='word_1_240' title='bbox 850 4193 938 4256; x_wconf 90' lang='lat' dir='ltr'><strong>enim</strong></span> <span class='ocrx_word' id='word_1_241' title='bbox 970 4189 1066 4256; x_wconf 86' lang='lat' dir='ltr'><strong>nobis</strong></span> <span class='ocrx_word' id='word_1_242' title='bbox 1097 4193 1236 4276; x_wconf 90' lang='lat' dir='ltr'><strong>optimos</strong></span> <span class='ocrx_word' id='word_1_243' title='bbox 1260 4191 1443 4266; x_wconf 81' lang='lat' dir='ltr'><strong>advocatos,</strong></span> 
     </span>
     <span class='ocr_line' id='line_1_33' title="bbox 395 4291 1444 4384; baseline -0.006 -20"><span class='ocrx_word' id='word_1_244' title='bbox 395 4319 456 4384; x_wconf 92' lang='lat' dir='ltr'><strong>ego</strong></span> <span class='ocrx_word' id='word_1_245' title='bbox 479 4301 621 4382; x_wconf 91' lang='lat' dir='ltr'><strong>quatuor</strong></span> <span class='ocrx_word' id='word_1_246' title='bbox 644 4299 684 4362; x_wconf 85' lang='lat' dir='ltr'><strong>&#39;et</strong></span> <span class='ocrx_word' id='word_1_247' title='bbox 715 4295 919 4360; x_wconf 85' lang='lat' dir='ltr'><strong>adversarius</strong></span> <span class='ocrx_word' id='word_1_248' title='bbox 949 4301 1099 4380; x_wconf 84' lang='lat' dir='ltr'><strong>quatuor,</strong></span> <span class='ocrx_word' id='word_1_249' title='bbox 1123 4293 1178 4358; x_wconf 90' lang='lat' dir='ltr'><strong>sed</strong></span> <span class='ocrx_word' id='word_1_250' title='bbox 1205 4315 1265 4378; x_wconf 88' lang='lat' dir='ltr'><strong>ego</strong></span> <span class='ocrx_word' id='word_1_251' title='bbox 1287 4291 1444 4358; x_wconf 89' lang='lat' dir='ltr'><strong>meliores.</strong></span> 
     </span>
     <span class='ocr_line' id='line_1_34' title="bbox 397 4391 1445 4482; baseline 0.002 -22"><span class='ocrx_word' id='word_1_252' title='bbox 397 4395 623 4464; x_wconf 83' lang='lat' dir='ltr'><strong>Praeveneram</strong></span> <span class='ocrx_word' id='word_1_253' title='bbox 647 4397 744 4464; x_wconf 85' lang='lat' dir='ltr'><strong>¹enim</strong></span> <span class='ocrx_word' id='word_1_254' title='bbox 779 4395 1011 4472; x_wconf 79' lang='lat' dir='ltr'><strong>adversarium,</strong></span> <span class='ocrx_word' id='word_1_255' title='bbox 1034 4401 1069 4460; x_wconf 89' lang='lat' dir='ltr'><strong>et</strong></span> <span class='ocrx_word' id='word_1_256' title='bbox 1103 4397 1261 4482; x_wconf 85' lang='lat' dir='ltr'><strong>elegeram</strong></span> <span class='ocrx_word' id='word_1_257' title='bbox 1292 4391 1374 4460; x_wconf 89' lang='lat' dir='ltr'><strong>mihi</strong></span> <span class='ocrx_word' id='word_1_258' title='bbox 1406 4395 1445 4462; x_wconf 83' lang='lat' dir='ltr'><strong>de</strong></span> 
     </span>
    </p>
   </div>
   <div class='ocr_carea' id='block_1_5' title="bbox 400 4555 1445 4568">
    <p class='ocr_par' dir='ltr' id='par_1_8' title="bbox 400 4555 1445 4568">
     <span class='ocr_line' id='line_1_35' title="bbox 400 4555 1445 4568; baseline -0.005 0"><span class='ocrx_word' id='word_1_259' title='bbox 400 4559 409 4564; x_wconf 86' lang='lat'><strong>··</strong></span> <span class='ocrx_word' id='word_1_260' title='bbox 436 4555 640 4568; x_wconf 79' lang='lat'><strong>¹¹·-··-···-·=-.-——---</strong></span> <span class='ocrx_word' id='word_1_261' title='bbox 645 4559 874 4566; x_wconf 56' lang='lat' dir='ltr'><strong>ffl———ffi</strong></span> <span class='ocrx_word' id='word_1_262' title='bbox 1115 4557 1214 4568; x_wconf 55' lang='lat'>-.-=-.-—--..-=.</span> <span class='ocrx_word' id='word_1_263' title='bbox 1408 4559 1445 4566; x_wconf 72' lang='lat'><em>...—</em></span> 
     </span>
    </p>
   </div>
   <div class='ocr_carea' id='block_1_6' title="bbox 655 4637 1188 4706">
    <p class='ocr_par' dir='ltr' id='par_1_9' title="bbox 655 4637 1188 4706">
     <span class='ocr_line' id='line_1_36' title="bbox 655 4637 1188 4706; baseline 0 -18"><span class='ocrx_word' id='word_1_264' title='bbox 655 4639 662 4668; x_wconf 81' lang='lat'>¹</span> <span class='ocrx_word' id='word_1_265' title='bbox 674 4637 870 4706; x_wconf 69' lang='lat' dir='ltr'><strong>allegationibus]</strong></span> <span class='ocrx_word' id='word_1_266' title='bbox 884 4643 909 4688; x_wconf 87' lang='lat' dir='ltr'><strong>et</strong></span> <span class='ocrx_word' id='word_1_267' title='bbox 920 4637 1120 4702; x_wconf 83' lang='lat' dir='ltr'><strong>allegationibus,</strong></span> <span class='ocrx_word' id='word_1_268' title='bbox 1133 4637 1188 4688; x_wconf 73' lang='lat' dir='ltr'><strong>MS.</strong></span> 
     </span>
    </p>
   </div>
   <div class='ocr_carea' id='block_1_7' title="bbox 0 0 1696 5666">
    <p class='ocr_par' dir='ltr' id='par_1_10' title="bbox 0 0 1696 5666">
     <span class='ocr_line' id='line_1_37' title="bbox 0 0 1696 5666; baseline 0 0"><span class='ocrx_word' id='word_1_269' title='bbox 0 0 1696 5666; x_wconf 95' lang='lat' dir='ltr'><strong> </strong></span> 
     </span>
    </p>
   </div>
  </div>
 </body>
</html>
