3300 5666
698 671 881 724 Aaronom.
961 617 962 620 Ἴ
1108 695 1109 698 =
1205 655 1223 734 J
1250 665 1313 732 323

266 855 432 950 ecclesiam
470 859 557 926 inter
596 839 769 926 servitium
812 861 876 924 Dei
914 859 1123 946 voluptuose
1145 861 1314 944 vagantes,

266 979 354 1024 nunc
377 961 451 1050 illos
473 965 564 1028 intra
587 965 755 1034 ecclesiam
784 963 858 1048 joco
889 959 993 1028 risui1
1022 961 1233 1046 vanitatique
1254 983 1317 1044 vae

263 1067 375 1130 cantes
396 1067 604 1154 proclamare,
626 1091 748 1132 nomen
778 1067 1035 1152 uniuscujusque
1058 1063 1140 1130 ”oum
1160 1063 1310 1130 irrisione

262 1163 392 1246 edicere,
416 1175 449 1234 et
472 1175 510 1234 ut
533 1169 658 1234 tabulis
680 1169 768 1234 facta
790 1169 908 1232 talium
931 1169 1165 1258 imprimantur
1184 1167 1306 1250 jubere.

261 1265 353 1356 Rogo
382 1277 526 1360 paveant
560 1293 672 1336 omnes
701 1271 768 1336 ista
802 1269 983 1348 audientes,
1009 1277 1043 1336 et
1066 1269 1221 1356 quioquid
1243 1269 1306 1332 alio

1367 863 1434 916 ΑΒ.

1324 935 1475 986 roes-loto.

258 1373 405 1458 tempore
437 1375 566 1460 propria
600 1373 782 1466 fragilitate
826 1371 1026 1460 deliquerint
1057 1373 1150 1438 hora'
1176 1371 1306 1444 servitii
1362 1385 1364 1390 '

260 1471 324 1538 Dei
346 1477 503 1546 mundare
527 1475 690 1554 studeant,
716 1475 825 1570 Deum
848 1479 882 1538 et
905 1467 1190 1562 sanctos'angelos
1212 1471 1306 1564 (ante

260 1599 398 1662 quorum
422 1585 630 1666 conspectum
664 1579 756 1664 sunt)
782 1567 943 1644 offendere
966 1585 1001 1644 et
1014 1581 1155 1644 ¹indtare
1181 1579 1306 1644 hostes-¹

199 1763 200 1766 Ἴ
259 1703 322 1766 que
353 1677 490 1748 humani
521 1681 648 1770 generis
671 1681 841 1748 laetificare
863 1689 1010 1760 caveant,
1033 1703 1075 1746 ne
1097 1683 1180 1746 forte
1205 1679 1306 1766 (quod

257 1783 344 1850 absit
357 1787 378 1872 l)
402 1787 437 1850 in
460 1787 521 1850 hoc
544 1787 662 1852 saeculo
691 1785 801 1872 gratia
824 1785 888 1848 Dei
920 1791 1053 1850 careant
1075 1791 1110 1850 et
1132 1783 1168 1850 in
1191 1785 1304 1862 futuro

256 1891 388 1954 aetemae
412 1883 617 1954 damnationi
641 1889 837 1974 subjaceant,
865 1895 913 1964 g“
928 1887 1033 1952 Valde
1057 1887 1170 1968 enim,''
1193 1891 1232 1952 ut
1256 1887 1304 1952 ait

255 1997 387 2056 sanctus
398 1991 573 2078 Gregorius
582 1991 618 2054 in
631 1991 801 2078 Registris,
817 1991 1009 2056 “timendus
1018 1997 1068 2058 est
1079 1991 1133 2054 hic
1142 1989 1303 2054 Dominus

225 2147 226 2150 ,
256 2093 375 2158 “Deus
397 2117 438 2158 ne
458 2095 504 2158 in.
519 2093 633 2180 futuro
664 2091 828 2160 incassum
854 2093 1059 2158 timeatur.'²2
1104 2093 1302 2158 Veneranda

254 2217 333 2260 vero
356 2201 433 2262 sunt
463 2185 576 2276 sancta
599 2197 844 2276 locomaxime
876 2197 935 2260 ubi
970 2195 1059 2262 Deus
1082 2197 1302 2286 Omnipotens

254 2297 430 2380 inhabitat,
454 2299 597 2366 blandus
619 2307 653 2366 et
676 2299 787 2366 suavis
809 2301 904 2374 Eum
919 2299 1127 2378 timentibus,
1143 2300 1301 2366 terribilis

253 2405 287 2464 et
301 2403 496 2468 metuendus
520 2403 620 2468 illum
643 2403 937 2482 contemnentibus,
953 2403 1012 2466 ubi
1035 2403 1181 2496 coelestes
1203 2425 1302 2490 ange-

252 2501 357 2570 lorum
380 2497 528 2572 exoubiae
560 2513 683 2582 assunt,
707 2507 765 2570 ubi
795 2507 879 2570 tales
910 2511 1079 2592 tautaeque
1114 2507 1301 2570 sanctorum

228 2607 397 2692 *reliquiae
431 2609 542 2692 quales
576 2613 773 2694 quantaeque
807 2609 844 2672 in
876 2607 1134 2674 Eoveshamensi
1168 2601 1301 2674 ecclesia

203 2777 205 2792 ,
252 2715 494 2778 conservantur.
1294 2707 1295 2710 ’

297 2811 451 2878 Relatum
483 2815 538 2876 est
563 2813 651 2876 enim
665 2811 777 2886 nobis,
792 2813 841 2876 ab¹
857 2813 898 2876 iis
926 2813 984 2898 qui
1011 2813 1178 2894 viderunt,
1212 2813 1299 2898 quod

242 2915 403 2982 dominus
427 2915 593 2982 Walterus
630 2915 731 2979 abbas
770 2915 918 3000 ejusdem
956 2915 1105 2994 ecclesiae,
1145 2915 1299 2982 triduano

250 3023 382 3104 patrato
401 3017 534 3104 jeJ'uuio,
559 3017 692 3084 oonsilio
716 3011 895 3084 venerandi
918 3017 1150 3104 archiepiscopi
1173 3017 1300 3104 domini

252 3121 434 3198 Lanfranoi,
467 3119 623 3206 reliquias
658 3125 845 3210 sanctorum
875 3119 911 3184 in
934 3121 1071 3206 praefato
1101 3123 1299 3188 monasterio

251 3223 486 3308 quiescentium
516 3229 687 3290 scrutatus
722 3223 783 3302 est,
807 3229 842 3288 et
872 3221 962 3286 inter
999 3229 1125 3308 septem
1158 3223 1300 3310 psalmos

1355 2817 1422 2878 AJ).

1313 2889 1464 2942 1077-1085.

249 3327 451 3412 letaniasque
476 3347 588 3398 omnes
603 3317 644 3390 de
659 3325 778 3410 quibus
794 3323 932 3390 dubium
948 3329 1019 3404 erat
1040 3319 1118 3410 igne
1136 3326 1299 3412 probavit,
1378 3395 1379 3398 Ἴ

249 3429 336 3524 inter
358 3451 432 3514 quse
453 3429 537 3494 illud
569 3429 687 3516 oppido
720 3425 841 3500 mirum
872 3429 1013 3514 contigit
1035 3427 1123 3512 quod
1146 3429 1298 3514 reliquias

250 3531 354 3632 sancti
393 3531 536 3606 Oredani
572 3531 703 3602 abbatis
741 3533 891 3618 praedioti
938 3531 1081 3596 coenobii
1127 3533 1297 3616 sanctique

240 3633 392 3704 Wistani
426 3655 493 3704 non
527 3635 632 3698 solum
665 3634 853 3704 comburere
886 3655 1003 3698 verum
1041 3655 1099 3698 neo
1135 3635 1296 3726 attingere

189 3795 190 3798 ,
248 3737 380 3822 quidem
411 3737 522 3804 furens
552 3737 638 3824 ignis
661 3735 775 3800 valuit.
835 3735 1078 3822 ‘Superadditur
1101 3741 1212 3802 autem
1236 3737 1296 3806 mi·
1372 3809 1374 3816 χ
1432 3789 1433 3792 ¹

248 3839 396 3904 naculum
434 3839 602 3926 miraculo,
627 3839 717 3924 quod
754 3861 856 3930 quum
893 3839 1157 3926 praenominatus
1194 3839 1295 3903 abbas

245 3947 366 4010 testam
389 3941 506 4028 capitis
540 3941 645 4008 sancti
668 3941 814 4006 Wistani
838 3941 1035 4028 deportaret,
1065 3965 1140 4006 casu
1163 3943 1203 4016 de
1226 3963 1295 4004 ma-

174 4077 186 4086 *
246 4045 345 4118 nibus
367 4043 568 4128 ejussubito
592 4035 630 4112 iu
656 4049 778 4114 temam
809 4043 936 4124 cecidit,
963 4049 1162 4130 tantumque
1185 4043 1295 4108 rivum

247 4145 372 4214 sudoris
405 4133 515 4218 emisit
537 4151 699 4232 quantum
723 4145 842 4232 aliquis
865 4147 1012 4214 virorum
1037 4147 1183 4232 quolibet
1212 4145 1294 4212 aoei-

199 4343 207 4358 '
279 4353 380 4418 ’πἐιιί]
394 4353 454 4416 risu,
467 4355 522 4404 MS.
738 4371 739 4382 ¹
794 4355 880 4418 1240),
889 4355 982 4404 ‘where
1002 4355 1045 4402 the
1063 4367 1131 4420 same
1140 4351 1248 4418 thought
1270 4351 1293 4406 is

277 4437 288 4464 ²
305 4435 353 4486 See
365 4433 442 4500 Greg.
452 4437 469 4460 “
476 4433 621 4500 Registrum
638 4433 740 4496 Episto-
791 4433 878 4496 found,
896 4433 1036 4498 expressed,
1053 4425 1178 4496 however,
1200 4431 1228 4482 in
1246 4431 1293 4482 dif-

245 4513 352 4576 larum‚''
363 4513 406 4562 lib.
419 4511 453 4562 xi.
467 4529 504 4576 ep.
518 4519 558 4574 30,
570 4515 620 4564 and
631 4513 673 4564 lib.
684 4509 739 4562 xiii.
789 4513 870 4564 ferent
882 4515 973 4564 words.

245 4609 282 4664 ep.
306 4599 338 4642 32
362 4593 439 4658 (Opp.
467 4593 518 4642 vol.
539 4593 566 4644 ii.
587 4595 643 4644 coll.
668 4597 740 4650 1114,

1090 4685 1158 4748 x‘2
