3316 5676
500 721 699 774 cnncurccu
721 723 878 788 Aemrrm
901 725 947 774 nn
971 705 1139 778 nvnsuun.
1274 711 1338 784 257
1367 769 1370 776 .

297 929 357 998 ego
379 933 400 976 a
422 911 520 976 Petro
543 911 638 980 Pauli
668 915 739 988 cive
770 911 917 982 Romano
939 917 976 982 in
998 913 1504 1002 primoitinereme0A.n.121a

296 1019 412 1080 mutuo
434 1015 551 1102 accepi,
574 1021 608 1082 et
634 1017 733 1082 aliam
750 1017 927 1104 ,signatam
951 1019 1058 1106 sigillo
1083 1017 1214 1082 abbatis
1240 1037 1338 1106 super

296 1115 408 1184 debito
440 1119 660 1206 quadraginta
695 1141 907 1212 marcarum,¹
936 1121 1058 1188 scilicet
1092 1121 1133 1186 de
1171 1121 1336 1208 praedictis

296 1219 416 1308 viginti
443 1221 567 1302 marcis,
593 1243 673 1308 quas
707 1221 810 1288 abbas
833 1223 871 1286 in
911 1223 1023 1290 eadem
1049 1229 1138 1290 carta
1163 1225 1336 1310 spopondit

201 1387 203 1392 χ
235 1391 236 1394 ,
294 1343 328 1388 se
352 1325 544 1400 soluturum,
569 1331 603 1390 et
639 1325 680 1390 de
710 1325 783 1388 aliis
806 1325 944 1412 ‘viginti
979 1327 1096 1394 marcis
1131 1327 1335 1414 quas-abbas
1436 1411 1439 1426 ,

294 1427 335 1492 ab
365 1427 477 1494 eodem
513 1427 608 1492 Petro
644 1431 760 1494 mutuo
791 1427 924 1514 accepit,
953 1431 1047 1496 nobis
1087 1453 1155 1498 non
1184 1431 1335 1498 restitue-

294 1533 373 1594 runt
399 1529 546 1596 Romani.
608 1529 672 1594 Sed
710 1551 807 1616 super
833 1525 1005 1598 solutione
1040 1533 1183 1616 ejusdem
1232 1535 1355 1600 debiti¹

294 1633 474 1720 specialiter
503 1637 542 1698 et
578 1631 724 1698 omnium
765 1631 902 1698 aliorum
934 1633 1120 1700 debitorum
1151 1635 1214 1702 duo
1244 1637 1335 1724 paria
1356 1641 1359 1650 ”

294 1735 593 1816 instrumentorum,
618 1751 691 1822 quae
713 1735 870 1802 dicuntur
899 1743 978 1816 ster,
1011 1737 1107 1804 nobis
1128 1739 1335 1804 confecerunt

238 1843 245 1862 ''
293 1839 422 1926 signata
446 1839 552 1926 sigillo
577 1839 672 1904 Lucre
696 1839 803 1904 Scarsi
833 1841 993 1926 generalis
1019 1841 1236 1928 procuratoris
1267 1865 1334 1908 om·

185 1963 187 1968 ·
293 1941 385 2006 nium
419 1943 615 2008 creditorum
647 1945 834 2008 nostrorum
868 1941 1098 2010 Romanorum.
1170 1943 1216 2008 Et
1238 1943 1333 2022 detue
1401 2011 1402 2014 ,

291 2045 389 2110 limus
418 2045 589 2132 privilegia
619 2045 848 2110 Evesbamiam
881 2043 1054 2112 Dominica
1087 2069 1152 2132 qua
1181 2051 1333 2132 cantatur
1346 2071 1359 2116 a
1373 2063 1450 2118 Sanc.
1463 2067 1499 2118 af-

293 2147 517 2214 Misericordia
554 2147 697 2212 Domini.
743 2147 828 2210 Turn
860 2171 933 2236 ego,
972 2149 1097 2236 gratias
1130 2171 1230 2236 agens
1260 2133 1332 2216 ¹Deo
1346 2141 1384 2250 ‘1²3²
1389 2133 1489 2264 ffis’

292 2255 325 2316 et
356 2249 486 2336 gavisus
519 2251 605 2336 quod
636 2249 808 2336 privilegia
842 2273 915 2336 quae
938 2273 996 2338 ego
1018 2253 1149 2338 pignori
1171 2255 1332 2340 obligare·
1349 2271 1447 2350 1214.⁴

291 2375 360 2418 ram
383 2353 473 2420 salva
494 2353 537 2418 ad
558 2375 618 2420 nos
640 2353 872 2440 pervenissent,
896 2353 1071 2442 impetravi
1093 2355 1134 2422 ab
1156 2355 1276 2422 abbate
1299 2363 1333 2422 et

190 2527 191 2530 ,
292 2443 455 2522 conventu
476 2461 516 2522 ut
548 2459 732 2522 statuerent
767 2457 854 2542 quod
878 2455 918 2522 dc
949 2457 1165 2544 proventibus
1199 2459 1334 2524 decana·

291 2565 354 2640 tus,
377 2581 457 2648 quos
479 2549 545 2644 ego
560 2581 618 2644 pro
653 2559 825 2624 voluntate
858 2579 931 2624 mea
965 2561 1119 2626 consuevi
1140 2561 1331 2648 expendere,
1413 2613 1414 2618 1

212 2649 232 2656 ³
261 2669 263 2676 “
291 2663 462 2728 annuatim
493 2663 604 2726 darem
627 2663 798 2746 caritatem
819 2663 891 2726 vini
922 2683 960 2728 ea
995 2665 1046 2730 die
1079 2665 1264 2744 conventui,
1298 2673 1332 2732 et

224 2777 232 2804 ⁵
290 2765 348 2836 alii
369 2765 483 2832 decani
504 2771 578 2850 post
600 2765 711 2836 mein
734 2755 936 2852 perpetuum.

291 3193 483 3282 Consilium
501 3209 633 3276 riona
656 3209 791 3296 prioris
815 3205 906 3272 circe
929 3195 1127 3290 electionem,
1154 3209 1329 3296 confinen-

376 3315 503 3382 ticnecn
533 3319 563 3378 ei
593 3311 855 3378 benedictionem
877 3311 1044 3390 ubbctnrn,
1081 3317 1112 3376 et
1142 3311 1327 3380 cusiodiunt
1393 3393 1398 3400 N

377 3413 530 3484 coccinis
554 3413 695 3482 abbatioe
711 3421 741 3480 et
754 3435 860 3478 nsum
878 3413 1101 3500 possessionis
1124 3413 1215 3528 cinon
1236 3437 1283 3482 en.

332 3611 441 3698 Igitur
474 3605 567 3672 vobis
596 3627 677 3692 quos
714 3605 852 3692 aliorum
890 3603 1047 3668 abbatum
1081 3603 1428 3672 EvesbamensisMarle-

287 3713 426 3780 ecclesiee
443 3711 593 3796 expectat
608 3709 729 3788 electio,
746 3707 847 3770 immo
863 3709 897 3770 et
920 3707 999 3794 ipsis
1022 3707 1132 3772 electis
1147 3707 1262 3794 loquor
1273 3733 1326 3776 :-
1337 3689 1489 3806 ξξζξῖζοᾞ

287 3807 369 3882 Ecce
392 3813 529 3880 audistis
554 3809 704 3896 quamvis
725 3815 831 3874 terror
853 3809 976 3874 domini
999 3809 1099 3896 legati
1122 3815 1208 3876 esset
1229 3821 1482 3898 superthepreser-

286 3941 354 3998 uos,
370 3917 418 3984 ita
433 3913 519 4002 quod
534 3917 696 4000 potestate
713 3933 779 3990 sua,
794 3911 823 3976 si
846 3911 954 3992 vellet,
971 3911 1197 3996 multipliciter
1218 3919 1326 3998 posset
1337 3889 1472 4018 {ffigs

285 4043 344 4088 nos
366 4019 551 4106 deprimere,
569 4019 608 4080 ut
626 4015 764 4100 (ratione
779 4013 994 4100 indulgentiae
1009 4015 1089 4100 suec)
1107 4035 1203 4100 quem
1226 4015 1326 4082 vellet
1336 4019 1364 4068 in
1373 4019 1478 4072 ereccon

285 4123 377 4188 uobis
407 4121 560 4186 abbatem
587 4105 687 4196 daret,
711 4123 835 4196 tamem
863 4117 1014 4204 quamvis
1040 4119 1077 4182 in
1103 4121 1192 4184 arcto
1218 4117 1324 4204 positi,
1335 4087 1477 4204 fflffi
1478 4115 1489 4126 '

285 4205 465 4312 privilegiis
486 4219 606 4286 nostris
638 4219 720 4284 bene
749 4239 861 4316 sumus
890 4217 951 4298 usi,
979 4241 1021 4284 ne
1047 4221 1083 4284 in
1109 4219 1218 4306 aliquo
1248 4219 1430 4286 casuabbotfl·

284 4327 339 4402 ab
359 4349 471 4392 eorum
502 4321 699 4410 possessione
728 4321 963 4390 excideremus„
1002 4321 1090 4386 Nam
1123 4343 1191 4386 non
1223 4321 1324 4388 alium

285 4425 616 4522 quemn-monachum
642 4423 913 4498 Evesbamensis·
937 4421 1073 4508 capituli
1104 4421 1259 4508 elegimus
1287 4425 1324 4490 in

285 4529 446 4610 abbatem,
466 4525 467 4528 '
484 4529 542 4614 qui
577 4547 644 4592 non
677 4547 699 4590 a
729 4523 938 4612 Wigornensi
977 4523 1125 4612 episcopo
1163 4527 1213 4588 est
1250 4547 1325 4592 con-

285 4631 433 4698 firmatus
470 4631 524 4696 vel
560 4629 752 4694 benedictus
791 4649 850 4692 nec
881 4625 1069 4712 Wigorniee,
1097 4631 1157 4690 nec
1184 4625 1263 4692 fecit
1292 4627 1323 4692 ei

1167 4745 1191 4792 R
