3308 5666
470 749 671 802 orrnouroor
693 749 850 800 susurra
873 749 920 800 me
943 749 1117 824 erasarum
1250 743 1314 814 157

265 935 281 964 “
303 927 407 1012 igitur
450 927 639 992 monarchia
659 927 896 1014 interpretetur
926 925 1481 1010 unicus*miracimmum.1205.

257 1027 281 1066 ’“
303 1031 432 1094 constat
449 1031 535 1114 quod
551 1031 637 1096 solus
653 1031 756 1096 abbas
778 1027 826 1094 ibi
841 1025 1053 1116 principalem
1070 1031 1267 1112 potestatem
1283 1037 1316 1096 et

265 1143 281 1170 “
299 1131 564 1216 jurisdictionem
581 1132 680 1197 debet
692 1153 849 1212 exercere,
867 1137 900 1196 et
917 1131 962 1206 sic
979 1131 1147 1218 episcopus
1171 1131 1315 1196 excludi-

266 1241 282 1270 “
304 1237 360 1300 tur
373 1253 381 1310 ;
404 1237 438 1298 et
461 1235 549 1322 quod
572 1233 631 1300 hoc
647 1231 857 1320 privilegium
882 1233 932 1298 ita
955 1233 1072 1296 debeat
1096 1229 1236 1318 intelligi
1253 1253 1317 1296 ex·-

266 1345 282 1374 “
305 1355 412 1422 presse
428 1337 617 1402 continetur
632 1337 669 1398 in
684 1333 856 1420 priuilegio
870 1331 1057 1400 Innocentii
1073 1355 1166 1418 papae
1176 1333 1315 1410 secundi,

267 1437 365 1504 “ubi
404 1437 533 1514 dicitur,
572 1435 779 1502 ‘Statuimus
817 1435 950 1520 insuper
988 1457 1024 1500 ac
1064 1433 1318 1520 (praedecessoris

266 1549 282 1578 “
305 1537 432 1606 ‘nostri
456 1539 557 1604 felicis
580 1539 743 1604 memoriae
768 1535 979 1604 Constantini
996 1561 1089 1624 papae
1106 1537 1317 1624 vestigiisin-

267 1653 284 1680 “
309 1641 508 1724 ‘haerentem
549 1641 760 1730 decrevimus,
796 1643 834 1704 ut
862 1641 1063 1728 solummodo
1098 1661 1196 1726 penes
1227 1645 1261 1706 te
1285 1645 1318 1704 et

267 1751 284 1778 ‘⁶
311 1735 529 1810 ‘successores
567 1749 641 1808 tuos
664 1743 783 1808 totius
808 1743 923 1826 domus
954 1747 988 1806 et
1011 1743 1152 1808 ecclesiae
1185 1747 1254 1808 ture
1285 1745 1318 1806 et

201 1853 202 1856 ’
269 1853 285 1880 “
304 1853 317 1910 ,‘
333 1845 473 1924 aliorum
496 1845 638 1910 locorum
665 1845 707 1912 ad
736 1845 874 1908 eandem
890 1843 1054 1908 ecclesiam
1079 1843 1317 1930 pertinentium
1350 1881 1352 1886 .

200 1955 204 1964 '
267 1955 283 1984 “
307 1955 314 1980 ‘
333 1945 502 2032 pastoralis
519 1969 596 2012 cura
612 1947 778 2024 consistat,
796 1949 828 2012 et
839 1947 1015 2012 eorundem
1032 1943 1194 2010 ordinatio
1210 1947 1319 2012 intua

219 2121 221 2124 ,
272 2059 288 2084 “
313 2051 370 2114 ‘et
394 2069 611 2114 successorum
634 2053 766 2114 tantum
782 2051 915 2112 tuorum
932 2051 1096 2134 potestate
1120 2055 1317 2136 permaneat,

268 2159 285 2186 “
308 2149 417 2216 ‘sicut
441 2155 489 2216 est
513 2151 669 2216 hactenus
682 2153 900 2228 observatum,
914 2151 1006 2216 salva
1029 2173 1086 2238 per
1100 2151 1211 2216 onmia
1234 2153 1317 2218 sedis

268 2261 285 2288 “
309 2253 518 2340 ‘apostolicae
554 2249 767 2324 auctoritate?
828 2253 858 2318 N
864 2273 906 2318 on
946 2253 1067 2318 dicitur
1098 2255 1185 2340 quod
1208 2255 1318 2340 aliqua

266 2355 352 2420 “ibi
383 2357 425 2420 sit
457 2359 547 2420 salva
578 2355 718 2444 episcopi
743 2357 931 2436 arroteritas,
950 2357 1006 2420 sed
1029 2361 1164 2422 tantum
1188 2357 1318 2422 abbatis

267 2457 355 2522 “ibi
394 2451 598 2522 exerceatur
616 2461 767 2544 potestas.
830 2457 911 2522 Ecce
949 2457 1123 2522 manifeste
1163 2459 1318 2542 probatur

267 2567 282 2594 “
306 2556 393 2642 quod
414 2559 509 2622 solus
533 2559 634 2622 abbas
663 2561 774 2624 noster
805 2557 851 2620 ibi
882 2557 1080 2622 ordinariam
1112 2559 1232 2624 habeat
1254 2559 1319 2624 dis-

270 2659 505 2746 “positionem
544 2663 579 2722 et
612 2657 886 2744 jurisdictionem.
949 2659 985 2722 Si
1023 2659 1077 2722 cui
1106 2681 1191 2736 vere,
1231 2651 1317 2744 qued

268 2769 284 2798 “
308 2765 419 2826 tamen
441 2783 507 2824 non
530 2759 635 2838 crede,
651 2760 758 2825 adhuc
775 2759 810 2824 in
826 2758 964 2824 dubium
980 2761 1074 2826 venit
1090 2761 1170 2846 quin
1186 2761 1319 2826 ecclesia

195 2905 200 2912 -
267 2873 282 2900 “
305 2867 418 2930 nostra
442 2863 483 2928 ab
499 2861 571 2950 ipsa
585 2863 780 2930 fundatione
801 2861 846 2928 sit
860 2861 1159 2940 libera‚·veniamus
1181 2862 1224 2927 ad
1241 2863 1319 2948 jura

267 2977 283 3002 “
305 2965 501 3052 episcopalia
517 2987 590 3052 quse
605 2967 729 3032 habent
744 2965 887 3052 episcopi
903 2967 939 3030 in
955 2965 1161 3038 monasteriis
1177 2987 1243 3030 non
1262 2989 1319 3032 eu·

218 3109 219 3112 =
268 3077 284 3104 “
308 3071 434 3156 emptis,
457 3075 492 3134 et
515 3069 685 3134 videamus
708 3069 736 3134 si
760 3073 873 3134 contra
902 3067 971 3134 haec
995 3069 1116 3134 muniti
1138 3069 1239 3132 simus
1262 3091 1319 3156 per

266 3179 282 3208 “
306 3173 528 3236 Romanorum
544 3173 736 3260 pontificum
752 3171 935 3258 privilegia.
992 3171 1103 3258 Igitur
1118 3171 1261 3258 episcopi
1277 3171 1317 3236 ab

269 3275 483 3340 “abbatibus
505 3297 572 3338 non
594 3267 755 3362 exemptis
786 3273 1017 3360 professionem
1041 3277 1074 3338 et
1097 3272 1319 3338 obedientiam

269 3383 286 3412 “
310 3399 412 3462 quum
435 3377 482 3442 eis
505 3377 705 3442 benedicunt
720 3377 861 3462 exigunt
876 3377 911 3438 et
926 3375 1098 3462 accipiunt,
1115 3385 1174 3440 ne'c
1189 3375 1232 3454 ab
1247 3375 1320 3440 aliis

270 3485 285 3512 “
308 3483 445 3564 possunt
461 3479 610 3544 benedici
626 3501 724 3564 quam
740 3479 782 3542 ab
799 3475 947 3562 episcopo
963 3479 1152 3542 dioecesano
1208 3475 1319 3542 Abbas

269 3589 284 3614 “
307 3603 385 3646 vero
400 3587 511 3646 noster
526 3581 568 3646 ab
585 3581 731 3668 episcopo
746 3579 957 3664 Wigornensi
978 3601 1037 3644 nec
1061 3579 1320 3646 benedictionem

269 3683 450 3770 “accipere
480 3707 540 3748 nec
563 3683 795 3770 professionem
826 3703 885 3746 nec
917 3681 1140 3746 obedientiam
1164 3681 1194 3748 ei
1217 3683 1319 3748 facere

270 3793 285 3818 “
309 3791 449 3854 tenetur.
494 3787 585 3852 Dicit
608 3787 696 3852 enim
728 3785 967 3854 Constantinus
990 3785 1026 3850 in
1056 3785 1196 3852 secundo
1220 3785 1321 3874 privi-

269 3895 286 3920 “
307 3887 401 3974 legio,
425 3889 607 3954 ‘Defuncto
630 3895 743 3956 autem
769 3889 896 3966 abbate,
920 3889 1099 3954 secundum
1130 3889 1320 3954 canonicam

270 3997 287 4022 “
310 3991 561 4056 ‘auctoritatem
577 3991 686 4058 uelde
702 3991 772 4076 ipso
795 3989 993 4054 monasterio
1017 3991 1071 4054 vel
1092 3989 1136 4054 de
1147 3987 1318 4076 parochia¹

272 4097 288 4124 “
313 4091 531 4156 ‘Wictiorum
554 4091 656 4156 abbas
678 4115 698 4156 a
719 4093 879 4174 fratribus
906 4091 1053 4178 ejusdem
1080 4093 1144 4158 loci
1173 4093 1320 4178 eligatur,

272 4199 287 4226 “
311 4191 445 4278 ‘quiin
469 4193 584 4258 eadem
607 4193 739 4260 ecclesia
762 4185 877 4258 libere'
887 4199 921 4260 et
941 4193 1094 4258 canonice
1117 4193 1186 4256 sine
1211 4193 1321 4280 aliqua

272 4301 287 4328 “
312 4293 503 4360 ‘exactione
518 4299 725 4378 consecratus
740 4295 782 4360 ob
797 4295 1016 4360 reverentiam
1028 4295 1222 4358 venerabilis
1234 4295 1322 4380 Egg-

272 4401 287 4430 “
311 4395 412 4464 ‘wini
434 4397 557 4462 annulo
584 4397 621 4460 in
643 4395 859 4462 celebratione
883 4397 1057 4460 missarum
1080 4393 1216 4462 utatur.’
1267 4397 1320 4460 Ex

605 4649 611 4680 ¹
622 4649 759 4716 parochio]
773 4647 912 4714 parrochia,
926 4647 982 4700 MS.
