3308 5666
475 697 677 748 canonicor
699 697 859 750 ABBATIAE
882 699 930 748 nn
951 695 1122 746 nvusnnu.
1256 687 1319 750 281

277 885 389 946 tamen
423 889 536 972 postea
568 885 720 952 omnibus
758 885 963 952 debitoribus
994 883 1199 970 integraliter
1229 883 1323 948 satis-
1377 891 1446 944 Am.

278 983 364 1062 fecit,
394 991 428 1050 et
462 987 594 1054 interim
626 1011 684 1076 per
710 989 779 1070 ¹Dei
810 989 953 1076 gratiam
986 987 1056 1052 sine
1090 1007 1176 1052 novo
1207 991 1323 1050 mutuo
1352 963 1473 1028 ¹²⁵⁵“53'

278 1085 514 1158 honorabiliter
540 1091 635 1158 vixit.
691 1093 784 1158 Emit
815 1095 916 1158 etiam
946 1115 966 1158 a
995 1089 1110 1154 liberis
1136 1089 1323 1156 hominibus

278 1193 486 1278 quamplures
524 1195 673 1260 redditus
709 1195 744 1258 in
777 1195 871 1260 ,locis
921 1193 1065 1272 diversis,
1090 1229 1092 1232 ·
1118 1213 1197 1278 quos
1236 1197 1324 1280 post·

276 1293 411 1360 modum
446 1319 488 1362 ex
522 1319 656 1362 assensu
693 1301 882 1374 conventus,
914 1321 982 1362 una
1020 1319 1093 1362 cum
1129 1297 1200 1362 aliis
1238 1283 1330 1362 solu·¹

233 1479 234 1482 Ἴ
277 1395 424 1464 tionibus
452 1403 511 1486 pei
541 1399 795 1478 obedientiarios
826 1401 996 1478 solvendis,
1021 1401 1064 1466 ad
1092 1399 1323 1466 recreationem

278 1499 479 1586 singulorum
511 1497 547 1566 in
576 1523 632 1566 esu
670 1501 841 1582 carnium,¹
871 1503 968 1568 certis
1007 1503 1085 1566 anni
1120 1501 1324 1590 temporibus

277 1603 456 1668 secundum
481 1605 653 1670 discretam
680 1605 927 1690 providentiam
956 1605 1126 1684 faciendis
1147 1605 1324 1692 prudenter

277 1705 402 1792 pariter
433 1713 466 1772 et
498 1707 711 1792 providenter
749 1709 940 1794 assignarit,
978 1713 1077 1794 prout
1114 1707 1151 1772 in
1182 1709 1324 1794 quodam

276 1811 498 1876 instrumento
520 1809 597 1874 inde
620 1807 777 1890 confectO,
802 1811 910 1896 sigillo
937 1809 1103 1874 communi
1130 1815 1164 1878 et
1194 1809 1324 1876 abbatis

275 1911 422 1996 sigillato
448 1911 545 1978 etin
574 1913 744 1994 thesauria-
773 1913 927 1998 reposito,
957 1913 1086 2000 plenius
1114 1911 1325 1978 continetur.²
1367 1901 1368 1906 ¹

278 2013 324 2078 Et
358 2015 435 2100 quia
457 2013 557 2080 etiam
580 2015 729 2080 redditus
761 2015 803 2080 ad
836 2013 993 2082 fabricam
1030 2015 1128 2080 istius
1162 2013 1324 2082 ecclesiae³

278 2115 428 2200 deputati
457 2115 520 2180 sibi
558 2139 624 2182 non
662 2117 856 2202 sufficerent,
887 2119 929 2184 ad
961 2117 1164 2202 quorundam
1202 2117 1324 2204 suppli-

276 2217 435 2284 cationem
457 2241 515 2308 pro
536 2219 770 2286 insufficientia
792 2221 891 2286 dictae
909 2221 1040 2286 fabricae
1063 2221 1245 2300 relevanda,
1267 2219 1323 2284 ob-

275 2321 445 2386 ventiones
477 2329 510 2388 et
541 2323 721 2388 oblationes
745 2323 787 2388 ad
810 2343 936 2388 crucem
968 2329 1114 2404 sanctam
1137 2325 1173 2388 in
1195 2343 1323 2388 monas-
1376 2359 1377 2362 =
1427 2389 1432 2404 ‚

275 2423 359 2488 terio
403 2427 633 2512 'provenientes
686 2427 864 2492 conventui
911 2427 1075 2492 concessit.
1145 2425 1322 2496 Ordinavit

275 2525 375 2590 ctiam
406 2549 443 2592 ac
473 2527 704 2614 benignissime
728 2529 909 2614 assignavit
934 2529 1179 2614 'quinquaginta
1204 2527 1322 2594 solidos

275 2649 410 2710 annuos,
441 2629 483 2694 de
513 2635 602 2694 terra
636 2635 884 2716 quamemerat
914 2653 935 2694 a
959 2631 1138 2716 Radulpho
1160 2631 1200 2696 de
1227 2631 1325 2708 Brea

215 2735 217 2742 ‘
251 2731 413 2796 ‘fortone-
439 2733 476 2796 in
518 2755 577 2796 sua
617 2733 723 2818 prima
755 2733 917 2812 novitate,
962 2733 1005 2798 ad
1047 2733 1322 2800 sustentationem

275 2833 444 2918 cujusdam
476 2835 635 2920 capellani
657 2835 703 2914 in
716 2835 914 2900 monasterio
948 2835 1151 2902 Eveshamiae
1175 2835 1322 2922 quotidie

274 2935 390 3000 divina
420 2937 621 3012 celebrantis,
648 2959 707 3024 pro
729 2937 954 3024 redemptione
976 2937 1185 3024 negligentiae
1210 2937 1323 3024 divina

275 3039 458 3104 celebrandi
494 3039 587 3126 siqua
612 3039 715 3104 ,suerit
737 3063 761 3126 a
779 3039 934 3116 fratribus
956 3039 993 3104 in
1017 3041 1104 3126 dicto
1127 3039 1323 3106 monasterio
1351 3093 1353 3096 .

275 3143 453 3222 commissa,
485 3147 519 3206 et
543 3163 604 3228 pro
630 3141 803 3228 animabus
820 3143 910 3224 dicti
939 3141 1131 3208 monasterii
1154 3145 1320 3222 abbatum,

274 3243 423 3324 fratrum,
453 3249 587 3330 patrum
617 3243 652 3308 et
681 3249 834 3324 matrum,
851 3243 1096 3308 benefactorum
1121 3249 1154 3310 et
1175 3243 1322 3330 ejusdem
1417 3297 1418 3300 ,

203 3379 204 3382 ¹
275 3345 417 3412 coenobii
445 3347 664 3412 fundatorum.
712 3347 780 3412 Iste
807 3347 908 3410 etiam
930 3345 1031 3410 abbas
1058 3347 1233 3432 acquisivit
1255 3351 1323 3410 tres

275 3471 379 3534 capas,
414 3471 513 3514 unam
544 3449 584 3514 de
606 3447 707 3514 rubeo
737 3449 837 3534 serico
867 3447 1019 3512 manibus
1050 3455 1218 3514 consutam
1249 3471 1322 3514 cum
1370 3519 1371 3526 χ

274 3551 358 3616 albis
396 3539 569 3618 columbis.
590 3557 624 3616 et
660 3549 795 3616 floribus
832 3549 977 3614 liliorum
1015 3549 1128 3630 aureis,
1160 3557 1193 3616 ct
1223 3551 1322 3614 aliam

276 3653 317 3718 de
339 3639 528 3720 bandekino
552 3653 733 3720 confectam
765 3651 950 3738 scalopibus
980 3653 1086 3718 aureis
1117 3659 1151 3718 et
1180 3651 1321 3718 flosculis

272 3757 416 3822 liliorum
445 3757 487 3822 de
517 3757 618 3822 rubeo
656 3757 755 3820 serico
793 3757 924 3820 omnino
954 3761 1091 3834 textam,
1122 3763 1156 3822 et
1185 3755 1320 3822 tertiam

274 3859 315 3924 de
356 3861 457 3926 rubeo
496 3861 642 3924 examito
690 3881 755 3944 qua
794 3859 954 3944 capellani
1001 3857 1131 3924 abbatis
1176 3863 1320 3924 utrmtur

275 3985 375 4048 quum
406 3963 505 4026 abbas
535 3961 724 4048 revestitus
740 3961 847 4026 fue1it.
865 3945 873 3956 ⁵
891 3959 1078 4046 Acquisivit
1108 3961 1207 4026 etiam
1238 3959 1319 4024 duas

275 4051 406 4144 casulas,
429 4085 531 4128 unam
551 4063 592 4128 de
611 4067 713 4130 rubeo
734 4065 836 4152 serico
856 4063 966 4154 etiam
978 4063 1132 4128 manibus
1150 4067 1318 4134 consutam

275 4191 348 4232 cum
382 4153 471 4240 albis,
500 4165 658 4230 columbis
690 4169 766 4252 post·
789 4171 936 4250 tergum,
971 4169 1006 4228 et
1039 4165 1138 4230 aliam
1168 4165 1209 4230 de
1244 4163 1321 4228 albo
1359 4239 1362 4254 5

274 4265 470 4348 bandekinO,
494 4291 568 4334 cum
602 4267 721 4332 avibus
752 4269 859 4334 aureis
890 4269 995 4332 rostra
1025 4267 1065 4332 de
1092 4267 1193 4332 serico
1216 4265 1317 4330 viola-

308 4505 768 4574 ¹“Notochpe110,”rulricinmory.
853 4505 950 4554 aistius
964 4503 1081 4570 ccclceicc]
1100 4505 1257 4558 llreshamiae
1277 4523 1318 4558 ec·

307 4597 317 4624 '¹
328 4597 404 4654 prout
422 4625 526 4640 .....
540 4587 687 4662 continetur]
718 4601 767 4636 om.
820 4583 911 4636 closiae.
947 4585 1021 4638 Ibid..

259 4665 345 4732 Harl.
357 4671 429 4722 3763.
