3216 5458
749 789 925 840 munuum

511 1111 514 1124 ¹
632 1095 680 1160 Dc
698 1097 875 1164 Frctlrcrico
897 1099 1046 1186 episcopo.

374 1267 529 1332 Miracula
551 1273 697 1354 quaedam
728 1277 828 1338 sancti
850 1277 955 1340 Odulfi
976 1279 1016 1342 ad
1037 1279 1160 1344 laudem
1191 1283 1325 1364 omnipo-

330 1369 428 1430 tentis
450 1367 513 1434 Dei
542 1371 734 1458 descripturi,
756 1397 821 1458 pree
853 1377 971 1440 caeteris
1001 1377 1078 1440 illud
1107 1379 1234 1444 videtur
1253 1379 1326 1442 inti·

330 1469 484 1532 mandum
507 1471 593 1554 quod
616 1471 702 1536 Deus
722 1495 777 1558 per
799 1495 868 1538 eum
890 1481 1057 1560 antequam
1079 1479 1118 1542 do
1139 1479 1197 1542 hoo
1219 1477 1326 1544 saeculo

330 1565 481 1648 migraret
504 1571 629 1652 operari
650 1573 801 1656 dignatus
821 1579 874 1638 est.
932 1573 1020 1638 Licet
1049 1577 1132 1638 enim
1155 1577 1325 1662 descriptor

200 1695 201 1698 ¹
329 1665 406 1728 vitm
435 1667 536 1750 ipsius
570 1669 611 1732 ob
643 1671 851 1744 reverentiam
872 1671 1076 1754 Trajcotensis
1105 1675 1261 1758 pontificis
1291 1675 1325 1738 id

329 1765 463 1828 tacitum
480 1769 631 1842 omiserit,
652 1791 711 1832 nos
731 1777 846 1846 tamen,
867 1773 942 1854 quia
963 1795 1027 1836 non
1040 1793 1151 1856 parum
1172 1773 1250 1838 utile
1270 1795 1324 1836 au-

329 1863 491 1930 dientibus
524 1865 647 1942 scimus,
679 1869 886 1934 indiscussum
916 1871 1068 1954 praeteriri
1096 1893 1160 1934 non
1180 1873 1326 1956 patimur.-

327 2065 462 2148 episcopi
485 2069 621 2152 contigit
643 2069 772 2132 beatum
794 2067 945 2132 Odullirm
966 2069 1106 2132 assistere
1127 2069 1219 2132 altari
1239 2069 1322 2154 apud

328 2163 467 2244 Stauron
489 2187 553 2248 quo
568 2173 645 2230 tunc
660 2167 809 2252 temporis
830 2173 897 2230 erat
918 2169 952 2230 in
966 2167 1105 2230 Paschali
1118 2167 1321 2242 solemnitate,

236 2289 244 2308 ·
325 2269 364 2324 ut
397 2265 510 2328 divina
542 2269 695 2350 mysteria
716 2267 814 2354 (sicut
842 2267 959 2350 ubique
982 2271 1132 2328 tanarum
1163 2285 1230 2328 mos
1258 2261 1322 2348 est)

327 2365 514 2426 matutinali
550 2371 692 2450 tempore
713 2365 888 2428 celebraret.
910 2397 911 2400 ¹
933 2363 1036 2440 Quum
1057 2367 1143 2428 ecce!
1169 2365 1252 2428 inter
1273 2385 1324 2426 ca-

325 2465 568 2546 nonem‘juxta
599 2465 698 2528 altaro
730 2465 834 2528 astitit
869 2465 900 2526 ei
929 2463 1056 2548 angelus
1086 2463 1223 2536 Domini,
1243 2461 1321 2528 talia

220 2581 224 2592 ”
325 2571 435 2626 saneto
466 2567 537 2628 viro
567 2567 688 2630 libans:
720 2573 737 2600 “
753 2565 889 2636 Festina,
914 2563 965 2626 vir
987 2563 1054 2638 Dei,
1081 2561 1216 2626 velocius
1245 2563 1322 2624 mis·-

324 2665 342 2694 “
364 2681 431 2724 saro
453 2663 555 2738 finire,
578 2665 683 2746 sicque
703 2669 740 2726 ut
761 2669 844 2726 astas
865 2661 1105 2726 sacerdotalibus
1127 2661 1321 2726 vestimentis

325 2767 341 2794 “
363 2759 505 2838 indutus,
537 2769 681 2828 sanctum
714 2763 840 2826 calicem
871 2759 1016 2824 manibus
1041 2765 1158 2834 tenens,
1179 2759 1219 2822 ad
1240 2781 1322 2824 mare

326 2867 342 2894 “
365 2859 519 2926 citissimo
542 2865 645 2948 gradu
666 2883 799 2948 propera
818 2861 944 2946 illicque
965 2859 1073 2922 navim
1094 2859 1232 2924 invenies
1255 2879 1324 2942 quae

326 2967 341 2992 “
364 2965 397 3022 tc
421 2961 604 3046 Trajectum
626 2967 712 3026 recto
741 2963 868 3026 tramite
896 2959 1036 3024 deducet.
1078 2959 1229 3038 Festina3
1251 2957 1322 3042 quia

324 3057 424 3122 “nisi
453 3061 548 3124 citius
571 3055 701 3140 ueneris,
723 3059 928 3142 najectensis
948 3057 1089 3140 pontifex
1118 3077 1203 3118 more
1231 3057 1322 3120 solito

326 3159 493 3224 “missam
522 3161 707 3224 solemniter
736 3157 916 3234 celebrabit,
944 3157 1027 3240 quod
1047 3157 1075 3220 si
1093 3155 1208 3228 fecerit,
1235 3153 1320 3238 judi·

324 3265 342 3292 “
365 3259 413 3324 cio
444 3261 558 3324 divino
588 3267 716 3346 propter
736 3263 897 3344 peccatum
930 3255 1012 3338 quod
1043 3257 1133 3316 nocte
1165 3251 1319 3316 commisit

323 3367 339 3392 “
362 3357 489 3426 diabolo
522 3361 667 3436 traditus,
702 3357 863 3424 confestim
892 3349 1109 3438 miserabiliter
1139 3349 1319 3434 projicietur

323 3467 340 3492 “
355 3459 397 3530 ,in
441 3461 605 3526 infernum
651 3453 870 3544 sepeliendus.’'
936 3453 1014 3518 Haeo
1051 3449 1161 3536 angelo
1196 3449 1317 3512 dicente

321 3579 484 3644 genusque
516 3561 637 3646 peccati
674 3557 813 3648 seriatim
852 3551 1081 3626 manifestante,
1114 3549 1163 3644 ab·
1189 3551 1316 3632 aspectu

321 3661 492 3724 sacerdotis
514 3661 601 3726 dicto
629 3659 723 3722 citius
757 3655 892 3720 evanuit.
949 3651 994 3714 At
1029 3653 1153 3712 sanctus
1185 3643 1316 3708 Odulsus

321 3779 416 3840 quam
449 3761 582 3824 celerius
613 3757 720 3844 potuit
756 3753 919 3818 missarum
950 3769 1035 3812 sacra
1061 3765 1217 3846 peragens,
1241 3763 1315 3806 mox

319 3857 401 3936 sicut
418 3859 545 3942 jussum
567 3857 629 3924 sibi
650 3857 760 3932 fuerat,
786 3853 911 3914 calicem
936 3845 1077 3912 manibus
1097 3843 1197 3906 ferens
1217 3863 1314 3906 sacer-

319 3957 540 4044 dotalibusque
587 3953 783 4020 vestimentis
823 3949 962 4018 indutus,
997 3943 1038 4008 ad
1076 3963 1160 4004 maro
1195 3941 1312 4004 nemini

318 4055 486 4142 quicquam
501 4059 609 4122 dicens
623 4053 743 4118 concite
757 4049 949 4134 properabat¹
985 4043 1056 4106 Hoc
1068 4061 1194 4104 cernens
1208 4039 1308 4152 omnis

318 4159 453 4240 populus
469 4155 693 4222 Stauronensis
713 4163 844 4230 eumque
865 4147 1020 4208 amentem
1041 4139 1174 4248 credens,
1189 4157 1313 4248 mnan,

249 4259 251 4262 ’
317 4247 537 4338 unusquisque
569 4255 667 4318 aliurn
698 4247 852 4330 respicere,
880 4239 954 4326 quid
975 4235 1054 4302 illud
1074 4237 1209 4320 prodrgu
1230 4243 1311 4298 esset

317 4353 514 4438 interrogare
536 4373 630 4438 seque
651 4351 774 4432 signare
795 4343 956 4426 coeperunt
966 4363 975 4416 3
1004 4335 1057 4398 sed
1078 4333 1185 4396 nullus
1207 4355 1312 4398 eorum

318 4457 386 4514 erat
408 4453 464 4534 qui
485 4453 585 4516 elium
605 4467 698 4534 super
726 4445 785 4506 hac
813 4461 845 4502 re
876 4439 1000 4502 edocere
1030 4435 1130 4496 sciret.
1174 4431 1311 4496 Veniens

317 4551 424 4632 itaque
446 4553 488 4614 ad
510 4571 599 4614 more
627 4543 787 4632 piissimus
818 4541 909 4622 pater
931 4531 1064 4598 Odulfns
1087 4553 1198 4598 navem
1223 4553 1315 4618 para-

1378 1291 1442 1342 AD.

1368 1371 1388 1406 c.
1399 1363 1451 1406 830.

198 1969 200 1974 ’
328 1963 481 2050 Tempfflss
512 1967 613 2050 igitur
643 1969 879 2052 prudentissimi
916 1965 1087 2034 uratum
1123 1965 1323 2052 najecensis
1372 1959 1375 1968 '
