3300 5666
318 821 359 884 96
532 831 732 882 onaomoou
747 827 900 878 nasama
917 827 963 878 nu
980 827 1146 878 crusnam
1188 857 1191 862 -

154 1035 222 1084 Μ).
235 1015 304 1084 1077.
317 1021 489 1086 duodecim
511 1019 650 1100 fratres3
687 1023 768 1082 tuno
790 1039 868 1082 vero
892 1039 993 1104 quum
1025 1017 1109 1084 obiit
1143 1017 1284 1106 triginta
1305 1013 1362 1084 sex

312 1123 453 1204 dimisit,
478 1123 597 1210 quibus
631 1121 798 1186 abbatiam
831 1121 988 1208 majorem
1023 1127 1056 1190 et
1088 1121 1363 1188 abundantiorem

320 1227 416 1290 terris
449 1231 482 1290 et
513 1225 767 1312 possessionibus
791 1247 1057 1312 quam-unquam
1081 1231 1179 1292 antea
1199 1227 1272 1304 fuit,
1297 1249 1363 1292 om-

319 1315 418 1394 nibus
441 1327 535 1394 bonis
559 1327 790 1416 plenissimam,
815 1329 998 1416 dereliquit,
1024 1335 1058 1396 et
1084 1327 1227 1414 quinque
1250 1331 1365 1396 archas
1411 1321 1412 1324 ¹

321 1431 433 1514 plenas
449 1435 587 1516 argento
610 1433 653 1498 ad
677 1445 797 1496 novam
821 1433 987 1498 ecclesiam
1003 1433 1252 1498 construendam
1268 1455 1366 1518 quam

321 1533 426 1598 facere
449 1531 660 1620 disposuerat,
677 1531 816 1620 reliquit.

323 1829 373 1894 Dc
411 1827 564 1912 operibus
595 1825 721 1892 obbatis
754 1825 890 1894 Waltcro'
921 1825 1016 1892 bortis
1053 1833 1082 1892 et
1119 1825 1229 1904 molis,
1264 1831 1293 1890 et
1330 1823 1368 1892 olo
1409 1847 1412 1854 ⁴

413 1931 595 2000 omissione
618 1939 787 2000 terraram
809 1955 894 2018 qaas
916 1931 1089 1998 AElroisaus
1112 1931 1221 2004 abbas¹¹
1237 1953 1368 2018 compre·

412 2043 555 2122 parerat,
572 2041 600 2100 et
623 2033 987 2120 constructionebujos
1002 2033 1140 2100 ccclesia
1163 2057 1201 2100 coo
1221 2035 1371 2120 poeonia

415 2139 456 2204 ob
479 2137 589 2204 eodem
611 2137 766 2204 Attmiao
794 2135 840 2202 od
862 2135 920 2202 boc
942 2143 1148 2222 oonprcpcto.

161 2285 291 2348 Wolters
370 2279 481 2348 Tertio
514 2303 641 2366 quoque
675 2301 784 2344 mense
818 2285 893 2366 post
926 2281 1101 2348 discessum
1133 2279 1237 2366 patris
1273 2279 1371 2368 hujus

161 2353 279 2484 Τὸἓξξγοί
328 2383 492 2470 Ageluuii
516 2383 606 2448 misit
629 2405 687 2450 rex
709 2383 774 2448 huc
797 2383 957 2468 quendam
981 2383 1175 2448 monachum
1198 2384 1238 2450 de
1261 2393 1373 2448 mona-

163 2487 259 2536 ‹uocese
272 2487 300 2536 0f
328 2489 426 2552 sterio
461 2487 548 2570 quod
571 2491 708 2550 vocatur
735 2485 874 2564 Gerasia,
898 2487 1082 2552 W'alterum
1104 2485 1246 2566 nomine,
1268 2487 1373 2552 literis

162 2553 317 2682 iffi&
329 2595 400 2654 tam
421 2587 612 2654 liberalibus
645 2609 743 2672 quam
775 2587 998 2674 grammaticis
1026 2589 1239 2674 undecunque
1269 2589 1374 2654 erudi-

164 2685 296 2798 {Effitnissd
330 2691 504 2770 tissimum,
527 2689 584 2774 qui
616 2689 681 2754 fuit
713 2691 898 2774 capellanus
926 2689 1104 2754 Lanfranci
1136 2687 1374 2776 archiepiscopi.

165 2765 309 2880 Maian.
332 2793 398 2858 Hic
419 2813 499 2884 vero
533 2791 634 2856 abbas
657 2791 802 2870 effectus,
826 2813 956 2856 omnem
979 2791 1149 2858 abbatiam
1172 2791 1256 2856 hano
1280 2785 1377 2858 sicuti

168 2885 241 2936 ¹⁰⁷⁷·
332 2899 513 2974 antecessor
533 2915 611 2960 suus
633 2893 777 2960 habebat
800 2895 949 2982 suscepit.
996 2893 1062 2960 Sed
1085 2895 1163 2980 quia
1193 2901 1273 2962 tunc
1295 2899 1377 2960 tem·

332 2999 419 3084 poris
437 2995 571 3082 juvenis
593 3001 665 3062 erat
686 3001 794 3074 aetate,
809 2997 919 3062 minus
935 2997 1083 3064 saeculari
1102 2993 1280 3084 prudentia
1294 3021 1378 3084 pree·-

334 3101 423 3166 ditus
468 3121 568 3184 quam
612 3105 783 3186 oporteret,
823 3123 960 3186 sequens
999 3101 1134 3166 consilia
1172 3101 1377 3188 quorundam

329 3203 492 3288 juvenum
528 3209 703 3290 parentum
740 3225 872 3270 suorum
914 3205 956 3268 ad
996 3205 1181 3268 maximum
1220 3206 1377 3269 damnum

335 3305 483 3384 ecclesiae,
513 3305 621 3386 noluit
641 3307 830 3394 homagium
854 3329 873 3370 a
895 3305 1047 3394 pluribus
1067 3305 1165 3374 bonis
1186 3305 1377 3372 hominibus

336 3431 415 3494 quos
437 3410 651 3494 praedecessor
692 3431 769 3476 suus
805 3409 966 3494 habuerat
1001 3411 1173 3496 suscipere,
1211 3431 1248 3474 eo
1286 3399 1378 3494 ¹quod

335 3521 438 3580 tomas
454 3515 599 3582 omnium
623 3517 650 3582 si
673 3521 781 3602 posset
804 3517 949 3582 decrerit
972 3517 1105 3584 auferre.
1152 3515 1225 3596 Qua
1239 3516 1279 3580 de
1295 3539 1330 3580 re
1345 3517 1380 3582 in

334 3617 418 3682 iram
441 3617 601 3684 etodium
618 3623 732 3684 contra
747 3641 822 3684 eum
837 3617 991 3696 conversi,
1013 3619 1056 3684 ad
1078 3617 1227 3684 Odonem
1245 3617 1381 3690 fratrem

336 3721 431 3806 regis,
449 3721 642 3788 Baiocensis'
657 3721 798 3788 ecclesiae
821 3721 1018 3810 episcopum,
1043 3721 1101 3806 qui
1124 3725 1204 3788 tunc
1226 3719 1399 3808 temporis

338 3825 399 3890 sub
432 3847 507 3914 rege
539 3825 632 3912 quasi
655 3825 792 3912 quidam
814 3833 978 3912 tyrannus
1001 3825 1135 3912 praefuit
1158 3825 1235 3890 huic
1257 3825 1382 3912 patriae,

340 3929 506 4006 miserunt,
540 3929 623 3994 falsa
667 3929 873 3994 accusatione
908 3929 1054 3994 dicentes
1091 3929 1244 3994 abbatem
1287 3927 1386 4016 Agel-

301 4109 302 4112 ,
339 4031 455 4096 unium
476 4051 534 4118 per
556 4029 795 4108 fortitudinem,
822 4051 888 4094 non
922 4035 1011 4094 recto
1040 4031 1124 4116 jure,
1147 4035 1259 4094 tantas
1281 4033 1385 4096 terras

339 4133 557 4220 acquisivisse.
612 4133 819 4220 Quapropter
841 4133 961 4220 praesul
983 4133 1147 4218 praefatus,
1172 4133 1385 4198 nefandorum

340 4235 669 4304 hominumconsilio
692 4234 898 4320 depravatus,
923 4235 1104 4320 cupiditate
1127 4235 1227 4302 etiam
1250 4233 1388 4320 iniquis·

341 4341 424 4404 sima
461 4361 513 4402 res
551 4337 693 4404 ecolesiae
740 4337 884 4402 habendi
917 4337 1057 4400 nimium
1102 4337 1240 4414 illectus
1277 4359 1387 4424 regem

341 4441 477 4506 fratrem
493 4461 589 4502 suum
611 4439 704 4520 adiit,
721 4445 754 4504 et
777 4445 847 4502 tam
870 4437 1029 4526 pecunia1
1055 4461 1153 4526 quam
1175 4439 1298 4522 iniquis
1322 4439 1390 4506 suis

344 4539 605 4608 accusationibus
627 4545 732 4606 terras
755 4539 860 4604 sancti
892 4541 1083 4606 monasterii
1112 4539 1211 4624 hujus
1233 4541 1298 4606 sibi
1320 4541 1390 4606 dari

678 4751 684 4782 ¹
696 4743 816 4818 pecunia]
829 4751 957 4814 peccunia,
968 4751 1025 4804 ΜΒ.
