3308 5666
293 677 296 680 ’
344 691 378 762 s
458 693 657 774 onnouroou
678 719 838 774 Assume
861 723 909 774 or
930 713 1103 776 evasum,
1168 793 1171 802 ἕ
1238 711 1302 776 229

258 929 325 974 non
348 909 478 974 nooebit
509 913 654 1004 clausula
675 913 741 990 illa,
790 913 863 978 Hoe
885 919 997 978 autem
1032 913 1148 990 sciatis
1166 909 1251 996 quod
1274 911 1302 976 si
1313 921 1381 984 Aa).
1397 931 1467 978 1208.

257 1003 406 1096 gratiam
422 1011 547 1080 domini
570 1013 663 1104 papae
686 1021 833 1102 tempore
867 1015 966 1102 hujus
999 1015 1140 1080 aetionis
1170 1011 1302 1078 habuis·
1418 1099 1422 1104 .

258 1137 364 1178 semus
386 1113 471 1180 siout
492 1121 639 1208 tempore
661 1117 797 1182 alterius
819 1115 1002 1198 habuimus,
1018 1117 1055 1182 in
1077 1119 1137 1182 hao
1160 1115 1244 1182 siout
1265 1115 1301 1180 in
1332 1161 1335 1174 .
1364 1131 1366 1136 ’

257 1215 313 1282 illa
350 1217 515 1304 praedictis
552 1219 738 1284 rationibus
774 1219 1039 1286 obtinuissemus.
1097 1217 1170 1284 Hoo
1201 1217 1301 1284 etiam

257 1319 465 1404 provideatis,
497 1325 535 1384 ut
564 1321 592 1386 si
615 1321 698 1386 allas
718 1319 832 1386 literas
862 1321 1119 1408 impetraveritis
1148 1307 1235 1406 quod
1265 1319 1301 1384 in

257 1421 322 1488 illis
345 1419 553 1488 contineatur
575 1421 693 1508 petitio
716 1409 934 1508 expensarum
955 1423 1116 1490 factarum
1138 1423 1174 1486 in
1196 1421 1300 1508 prima

255 1525 314 1588 lite
336 1529 375 1590 ut
398 1523 593 1610 praediotum
616 1529 674 1590 est.
698 1553 699 1558 ¹
722 1523 765 1588 In
786 1525 852 1590 illis
881 1527 983 1590 etiam
1013 1527 1073 1590 fiat
1103 1525 1219 1614 petitio
1248 1547 1301 1590 ra-

257 1627 403 1692 tionibus
425 1623 843 1714 praernissisexemptionis
866 1633 900 1692 et
918 1627 1160 1712 jurisdictionis
1181 1649 1307 1706 novem

203 1759 204 1762 ¹
257 1729 471 1808 eeclesiarum,
503 1729 638 1794 soilioet
684 1729 723 1796 de
762 1727 987 1808 Ohirohlenoh,
1033 1731 1299 1816 Kyneuuertone‚

257 1831 419 1910 Westone,
443 1825 669 1912 *Ambresleie
701 1831 906 1918 *Willerseie
927 1861 928 1864 ¹
953 1833 1145 1910 Bradwelle‚
1182 1833 1300 1912 Stowe,

257 1935 435 2014 Burthone,
451 1929 584 2024 Suelle'
596 1943 680 2022 quae
695 1955 807 2000 omnes
829 1935 998 2020 pertinent
1020 1935 1063 2000 ad
1077 1935 1188 2000 loourn'
1199 1935 1301 2000 istum

256 2059 353 2124 quem
369 2037 606 2114 Constantinus
629 2037 722 2102 dedit
743 2035 891 2100 libertati
902 2061 911 2116 3
934 2041 968 2102 et
989 2037 1018 2102 si
1040 2037 1124 2104 forte
1139 2039 1302 2124 praeventi

256 2139 383 2206 tueritis
416 2139 460 2226 ab
493 2139 643 2226 episeopo
675 2143 709 2202 et
741 2139 820 2204 faeti
854 2139 912 2218 rei,
935 2139 1021 2206 siout
1044 2141 1151 2204 adhue
1181 2161 1301 2220 sumus,

256 2241 470 2308 nihilominus
491 2263 551 2328 per
572 2241 858 2308 reconventionem
889 2241 1003 2308 eadem
1034 2241 1163 2330 petatis.
1208 2237 1302 2310 ¹Haeo

199 2425 201 2428 Ι
255 2343 328 2410 ideo
358 2343 452 2410 vobis
482 2343 629 2424 dixerim,
666 2343 744 2430 quia
773 2365 843 2408 mos
875 2345 972 2432 euriae
1001 2343 1159 2410 Romanae
1191 2349 1241 2410 est
1264 2351 1302 2410 ut
1350 2355 1356 2370 ¹

242 2441 319 2532 'piae
343 2437 466 2526 matris,
480 2451 520 2512 ut
542 2447 570 2512 si
592 2469 673 2532 quos
688 2447 782 2532 virga
804 2445 908 2532 patris
929 2447 1050 2514 laeserit
1073 2447 1202 2514 eosdem
1224 2447 1302 2512 ube-

256 2537 352 2616 ribus
363 2549 477 2614 matris
500 2549 528 2612 si
550 2547 622 2612 fieri
644 2553 753 2634 potest
768 2549 963 2628 consoletur,
980 2549 1068 2614 uude
1091 2571 1300 2634 causas-*quoe

256 2653 291 2716 in
314 2673 353 2716 ea
377 2657 520 2736 aguntur
549 2667 634 2736 saepe
664 2649 831 2730 dividunt,
855 2649 940 2714 siout
970 2657 1117 2718 nostram
1146 2649 1299 2730 fecerunt,

255 2763 294 2820 ut
327 2775 386 2840 pro
419 2757 558 2838 utraque
595 2757 689 2838 parte
728 2751 837 2816 ferant
875 2753 1083 2832 seutentiam,
1117 2757 1155 2818 ut
1191 2751 1301 2818 nullus

217 2929 219 2934 ,
254 2855 359 2922 tristis
380 2853 521 2942 reoedat.
561 2853 623 2918 Pro
647 2877 771 2940 magno·
789 2853 877 2918 enim
900 2855 1104 2940 reputabunt
1127 2853 1155 2918 si
1178 2855 1299 2940 episoo-

254 2981 333 3046 pum
370 2955 412 3020 ab
448 2955 653 3042 impetitione
702 2961 816 3020 nostra
838 2957 960 3042 quoad
998 2961 1116 3022 novem
1139 2957 1301 3022 ‘eeclesias

254 3057 466 3134 absolverint,
491 3063 526 3122 et
548 3059 585 3122 in
606 3059 760 3144 expensis
791 3057 906 3126 mitius
935 3081 1025 3124 oum·
1040 3081 1077 3124 eo
1108 3059 1242 3144 egerint,
1266 3065 1300 3126 et
1404 3065 1405 3070 ’

254 3161 349 3226 nobis
370 3159 519 3226 ecelesias
533 3161 630 3224 vallis
651 3159 921 3246 adjudicaverint.
969 3161 1051 3228 Haeo
1070 3161 1164 3226 vobis
1186 3161 1300 3248 soripsi

255 3271 294 3330 ut
317 3285 419 3348 quum
441 3261 568 3328 venerit
601 3263 681 3326 hora
702 3285 825 3326 ‘eorum
848 3261 990 3328 viriliter
1019 3265 1125 3350 agatis
1148 3267 1182 3328 et
1204 3263 1299 3330 remi-

254 3363 426 3432 niscamini
448 3363 526 3450 quia
548 3387 606 3450 ego
630 3363 700 3428 dixi
725 3363 826 3442 vobis,
848 3369 980 3432 orantes
1002 3387 1061 3452 pro
1084 3387 1143 3430 me.
