3308 5666
452 655 654 746 cnaomoor
675 695 835 750 nemrim
857 697 904 760 nn
927 697 1098 750 evusnsu.
1235 689 1299 752 203

218 929 219 932 =
246 883 364 970 scripti
387 885 667 968 confirmationem
689 881 848 972 petebant
864 881 1149 976 'excommunicare
1174 893 1208 952 et
1231 903 1377 958 maian.
1392 891 1463 962 moa

239 987 389 1074 ¹gistrum
413 985 570 1052 Thomam
593 989 633 1052 de
656 989 691 1052 N
692 983 845 1056 orthuuic
869 997 902 1056 et
924 1011 977 1054 me
999 989 1133 1076 penitus
1155 1013 1176 1054 a
1199 991 1296 1056 domo

248 1093 361 1154 nostra
383 1091 554 1176 expellere,
570 1091 753 1156 sed'fidelis
768 1097 981 1160 ,etconstans
1007 1095 1189 1158 conventus
1211 1093 1297 1158 Eve-

190 1181 191 1184 '
247 1193 433 1274 ehamensis,
462 1193 554 1280 cujus
585 1193 741 1258 memoria
772 1193 809 1256 in
840 1187 1067 1260 benedictione
1097 1195 1159 1272 sit,
1179 1195 1296 1260 similis

175 1297 176 1300 ’
246 1295 400 1362 Jeremiae
429 1295 570 1360 fratrum
599 1295 755 1372 amatori,
774 1295 876 1382 elegit
902 1299 1007 1384 magis
1037 1297 1208 1362 nobiscum
1244 1321 1294 1364 rc·
1308 1333 1337 1370 11.
1349 1319 1429 1370 Mace.
1493 1327 1494 1330 ’

245 1399 357 1464 cedere
388 1421 488 1485 quam
517 1397 710 1484 permittere
736 1399 870 1464 tantum
903 1421 963 1466 nos
994 1401 1076 1466 duos
1109 1399 1294 1488 periclitari.
1307 1403 1350 1436 xv.
1365 1393 1403 1436 ¹4·

159 1499 169 1520 ⁰
203 1531 207 1534 ·
245 1499 355 1586 Igitur
384 1501 469 1564 inito
500 1499 633 1580 consilio
663 1499 862 1564 tradidimus
896 1503 1029 1568 senibus
1063 1505 1097 1568 et
1130 1503 1294 1568 valetudim
1307 1521 1417 1572 Thomas
1429 1523 1460 1574 de

245 1603 345 1668 uariis
367 1603 522 1688 reliquias
545 1607 579 1666 et
601 1601 792 1666 thesaurum
813 1603 963 1682 ecclesiae,
989 1607 1132 1692 sigillum
1146 1607 1184 1670 in
1206 1611 1294 1672 terra
1306 1587 1459 1706 fffiffi

160 1741 161 1744 ¹
245 1705 483 1784 abscondimus,
506 1709 540 1770 et
562 1705 626 1790 ipsi
649 1705 710 1772 sub
732 1705 875 1790 periculo
899 1707 1018 1772 anima
1040 1731 1109 1774 suae
1132 1731 1235 1795 usque
1250 1709 1434 1798 adpergebe-

245 1809 435 1874 effusionem
462 1807 631 1894 sanguinis
669 1807 738 1872 baec
768 1815 961 1894 receperunt
992 1811 1206 1888 observanda,
1243 1811 1293 1874 in-
1305 1803 1431 1920 {¹255ng

239 1911 356 1996 juncto
386 1911 486 1976 etiam
518 1911 563 1976 eis
585 1915 624 1974 ut
647 1911 674 1974 si
697 1909 797 1976 abbas
827 1913 939 1998 aliqua
968 1933 1011 1976 ex
1038 1911 1090 1976 bis
1113 1913 1214 1978 vellet
1244 1913 1441 2000 di-theabboa

244 2015 358 2100 ripere,
372 2013 540 2098 publicum
562 2013 754 2084 invocarent
777 2003 960 2094 auxilium;
984 2019 1019 2078 et
1040 2009 1174 2102 accepta
1187 1987 1395 2106 'bene-Q
1457 2019 1458 2022 ’

245 2117 396 2194 dictione,
422 2139 510 2180 more
536 2115 602 2180 iter
623 2115 803 2200 agentium,
827 2117 864 2178 in
887 2115 938 2180 die
968 2123 1090 2182 sauctae
1121 2117 1292 2184 Katerinae'
1305 2123 1413 2186 quitthe
1467 2177 1470 2184 .

245 2219 328 2284 circa
351 2221 465 2284 horam
490 2219 555 2282 diei
580 2219 715 2282 tertiam
736 2223 939 2292 recesserunt
959 2189 1458 2318 nobiseumtrigr'ntalffillh

245 2321 396 2386 monachi
437 2343 548 2386 omnes
593 2321 726 2406 pedites,
764 2315 939 2386 succinctis
975 2321 1120 2402 renibus,
1157 2323 1290 2388 baculos
1304 2327 1335 2394 2⁵
1348 2323 1413 2374 Nor.

245 2423 403 2490 habentes
425 2423 462 2488 in
484 2423 645 2500 manibus,
667 2445 726 2508 per
749 2423 909 2506 quosdam
939 2423 1058 2488 fratres
1088 2425 1290 2510 appellantes

245 2549 351 2592 coram
374 2525 494 2590 abbate
516 2525 573 2610 qui
596 2525 731 2608 sedebat
747 2529 828 2588 tunc
849 2547 908 2610 pro
925 2525 1084 2590 tribunali
1098 2525 1135 2588 in
1151 2527 1290 2613 quadam

245 2651 342 2694 causa
364 2629 400 2692 in
428 2627 551 2714 capella
582 2625 687 2694 sancti
711 2625 892 2704 Laurentii,
917 2633 952 2692 et
976 2627 1093 2694 videns
1121 2651 1179 2694 nos
1204 2647 1290 2694 rece-

165 2783 166 2786 *
244 2731 327 2810 dere,
364 2749 547 2796 convocans
584 2749 796 2816 quoscunque
834 2729 945 2814 potuit
983 2729 1111 2810 amicos,
1149 2731 1290 2816 sumptis
1369 2759 1371 2764 ·

244 2833 343 2900 armis
366 2835 401 2900 et
424 2831 562 2898 ascensis
593 2831 693 2918 equis,
725 2843 800 2896 cum
831 2829 923 2917 equis
956 2831 1054 2896 armis
1085 2835 1119 2896 et
1148 2831 1290 2898 fustibus

175 2925 177 2930 ¹
242 2937 483 3002 insecutus'est
503 2957 570 3000 nos.
616 2933 663 2998 Et
686 2955 788 3018 quum
804 2933 878 3018 jam
900 2933 1153 3000 ascendissemus
1175 2935 1290 3012 collem
1303 2945 1377 3010 They
1387 2961 1428 2996 are

244 3041 301 3125 qui
318 3043 369 3104 est
392 3039 429 3102 in
452 3059 566 3122 campo
583 3035 624 3102 de
648 3035 842 3112 Wikewone
865 3029 959 3102 venit
980 3037 1023 3100 ad
1044 3059 1113 3114 nos,
1137 3025 1171 3102 et
1188 3037 1290 3122 jussit
1301 3015 1437 3132 {ffffiol’
1437 3029 1455 3080 l
1455 3097 1460 3112 -.

244 3147 282 3206 ut
312 3149 481 3220 staremus,
507 3145 541 3202 et
570 3137 723 3212 stetimus
750 3137 828 3202 hinc
854 3143 889 3204 et
919 3137 1004 3218 bino,
1025 3137 1159 3224 publica
1184 3145 1289 3206 strata
1302 3147 1396 3194 andan

242 3245 359 3320 media,
386 3251 420 3308 et
450 3263 532 3306 crux
560 3239 669 3326 posita
699 3245 769 3302 erat
799 3241 836 3302 in
865 3261 911 3304 ea
958 3239 1104 3306 Tandem
1130 3241 1289 3310 allocutus
1302 3215 1431 3348 {ffinffi
1486 3299 1487 3302 ,

242 3353 300 3412 est
314 3347 471 3432 quosdam
500 3345 541 3408 de
572 3341 753 3408 senioribus
780 3341 837 3426 qui
861 3341 1063 3408 videbantur
1085 3365 1196 3430 regere
1222 3367 1289 3424 nos,

241 3455 275 3516 et
312 3449 443 3536 rogavit
482 3467 536 3510 eos
566 3449 604 3508 ut
643 3443 796 3510 venirent
834 3443 876 3506 ad
916 3465 1000 3522 eum,
1031 3449 1066 3508 et
1104 3445 1288 3532 primicerio

240 3559 357 3638 nostro¹
383 3549 606 3634 respondente,
647 3545 749 3632 “Ego
779 3547 865 3610 vado
896 3547 938 3610 ad
968 3545 1122 3612 abbatem
1151 3549 1289 3630 meum,”
1349 3581 1375 3614 a

239 3675 392 3720 accensus
418 3655 468 3716 est
494 3649 586 3714 furor
608 3647 744 3712 alterius
768 3647 855 3712 senis
877 3671 975 3732 quem
998 3655 1181 3732 vocaverat,
1205 3651 1287 3716 Wil-

239 3755 341 3822 lielmi
364 3753 516 3818 videlicet
537 3751 583 3816 de
611 3749 747 3830 Lithun‚
772 3751 865 3836 cujus
887 3751 1044 3814 memoria
1066 3749 1111 3816 sit
1132 3741 1172 3818 in,
1190 3755 1288 3820 bene·
1341 3825 1343 3830 χ

239 3859 390 3934 dictione,
422 3861 456 3920 et
495 3853 587 3939 quasi
608 3853 705 3934 ,alter
743 3851 948 3916 Matbathias
984 3853 1153 3938 increpans
1190 3855 1291 3920 illum.

239 3961 335 4040 dixit,
368 3957 495 4022 “Absit
527 3977 547 4020 a
577 3977 628 4020 me
661 3959 707 4046 et¹
728 3953 876 4040 quolibet
906 3955 992 4020 bono
1022 3957 1094 4020 viro
1125 3957 1213 4040 quod
1241 3959 1283 4024 ab

239 4071 258 4100 “
281 4065 410 4128 unitate
432 4065 466 4124 et
487 4057 630 4124 veritate
653 4047 927 4136 etuniversitate
949 4059 1097 4122 recedam
1110 4057 1147 4140 ;''
1167 4065 1203 4124 et
1223 4063 1287 4126 hoc

236 4161 381 4232 sermone
404 4163 525 4228 multos
547 4159 754 4236 confortavit,
778 4161 860 4226 alios
887 4161 1102 4238 confirmavit,
1127 4163 1287 4248 quosdam

217 4271 279 4346 ¹ab
311 4259 417 4340 errore
449 4263 627 4330 revocavit.
652 4297 653 4300 ¹
683 4259 798 4328 Abbas
817 4285 899 4346 ,vcro
921 4263 1039 4328 videns
1057 4265 1283 4328 constantiam

236 4375 382 4436 nostram
421 4367 574 4454 pracepit
611 4365 677 4432 suis
716 4369 755 4428 ut
791 4369 1017 4450 percuterent
1037 4365 1074 4428 in
1110 4365 1220 4450 gladio
1250 4371 1284 4434 et

236 4477 388 4560 caperent
419 4493 487 4550 nos,
524 4473 558 4534 et
596 4467 758 4552 congressi
791 4489 922 4552 sumusx
939 4467 1098 4532 habentes
1129 4467 1282 4534 fiduciam
1295 4533 1352 4582 who
1364 4549 1405 4586 are

235 4577 271 4648 in
305 4575 456 4656 Domino,
491 4573 631 4640 inermes
661 4573 778 4640 contra
811 4575 963 4636 armatos.
1009 4569 1077 4634 llli
1111 4591 1190 4636 vero
1222 4595 1283 4638 exa
1295 4599 1383 4652 beaten
1395 4601 1448 4652 ina
