3308 5666
315 767 317 778 ,
406 691 474 758 -316
831 707 1020 762 arrarum.

284 907 353 958 An.

270 991 291 1026 c.
303 981 360 1028 83⁰.

404 901 476 962 tam
496 897 636 980 invenit,
658 877 695 966 in
717 919 816 988 quam
838 919 948 966 secure
970 901 1157 980 ascendens,
1183 899 1450 990 angelo'Domini

404 997 495 1104 illam
518 1003 588 1070 sine
617 1003 700 1082 velo,
731 1001 837 1078 remis,
871 1003 1096 1090 gubernaculo
1122 1005 1313 1090 caeterisque
1346 1027 1450 1070 arma-

402 1103 525 1170 mentis
560 1103 772 1170 invisibiliter
812 1105 1027 1192 gubernante,
1058 1105 1095 1170 in
1124 1105 1332 1192 liajectense
1367 1105 1449 1172 litus

305 1269 306 1272 ,
401 1207 522 1274 illaesus
543 1207 630 1272 illico
651 1207 807 1294 appulsus
830 1211 888 1276 est.
950 1207 1046 1288 Quod
1078 1207 1198 1274 idcirco
1230 1231 1328 1294 supra
1350 1229 1448 1294 quam

310 1391 311 1394 Ἴ
358 1309 359 1312 ’
401 1309 468 1376 dici
488 1309 539 1376 fas
560 1309 776 1378 sitmirabile
800 1315 860 1388 est,
887 1331 996 1396 quare,
1013 1316 1062 1376 *ut
1093 1311 1188 1398 gnari
1215 1309 1320 1398 ipsius
1349 1309 1449 1386 maris

401 1411 653 1492 asserunt,sine
684 1405 827 1480 carbasis
857 1413 919 1478 vix
950 1413 1129 1498 aliquando
1164 1413 1265 1480 biduo
1295 1413 1448 1504 triduove

400 1515 498 1582 remis
519 1513 715 1582 transmeari
737 1519 867 1604 potest:
890 1537 1007 1582 verum
1028 1517 1116 1604 apud
1149 1515 1258 1582 Deum
1281 1515 1366 1592 nihil
1388 1513 1449 1582 im·
1471 1573 1474 1582 f

399 1617 552 1706 possibile
582 1639 662 1686 esse,
681 1619 807 1684 scimus.
869 1617 1011 1684 Sanctus
1032 1619 1139 1708 igItur
1162 1617 1304 1684 Odulfus
1325 1617 1369 1684 ad
1392 1617 1460 1684 do?

278 1759 281 1764 ·
398 1721 526 1788 minum
563 1721 789 1788 Frethericmn
820 1719 1059 1806 Trajectensem
1091 1721 1278 1808 episcopum
1301 1719 1463 1800 veniens,

398 1825 528 1890 invenit
551 1819 626 1888 eum
648 1845 724 1916 cum
746 1821 851 1888 nimia
872 1843 993 1910 pompa
1015 1825 1058 1908 ad
1080 1823 1254 1890 missarum
1287 1821 1446 1888 solemnia

146 1895 151 1952 Ἴ·
283 1979 285 1982 .
398 1949 432 1992 se
447 1931 695 2014 praeparantem.
740 1925 789 1990 Et
803 1925 875 2012 jam
890 1923 1047 1992 sandaliis
1069 1927 1167 2012 pedes
1183 1932 1218 1991 et
1232 1921 1326 2000 crura
1342 1927 1445 2012 ipsius

274 2067 275 2070 =
314 2099 315 2102 Ἴ
363 2073 365 2076 -
397 2029 602 2128 tegebantur,
617 2051 720 2116 quum
743 2049 813 2094 ecce
827 2033 843 2108 l
858 2027 1006 2092 modesto
1028 2027 1138 2096 vultu,
1151 2027 1338 2116 respiciens,
1355 2027 1444 2093 vidit

396 2131 704 2212 beatumOdulfi1m
726 2131 920 2198 sacerdotali
942 2129 1048 2194 infula
1070 2129 1224 2196 indutum
1247 2131 1443 2232 calicemque

395 2233 549 2300 manibus
563 2239 732 2300 tenentem
746 2253 849 2320 prope
862 2231 1035 2314 assistere3
1058 2233 1300 2320 admiransque,
1325 2239 1342 2268 “
1354 2233 1443 2314 Quid
1482 2259 1488 2268 “

354 2387 355 2390 ¹
395 2343 414 2374 “
435 2335 499 2426 tu,”
521 2337 643 2424 inquit,
668 2331 927 2420 “boneOdulfe
943 2341 1014 2400 tam
1029 2335 1227 2422 ,insperatus
1249 2341 1283 2400 et
1298 2339 1368 2400 tam
1391 2335 1443 2400 in·
1511 2417 1512 2420 Ἴ

395 2449 413 2500 .“
434 2439 568 2528 opinato
583 2441 680 2506 modo
695 2439 1077 2528 paratustam'festinus
1091 2437 1152 2504 hac
1167 2439 1220 2506 die
1236 2439 1400 2510 advenisti
1409 2439 1442 2518 l’?

396 2541 465 2612 Oui*
480 2543 596 2610 beatus
620 2543 759 2640 Odulfus
773 2565 780 2606 :
793 2553 794 2556 ’
807 2547 825 2578 “
840 2541 1048 2630 Necessitate
1064 2543 1215 2626 ¹quadam
1237 2543 1442 2630 permaxima

394 2653 411 2682 ‘¹
433 2649 571 2722 coactus,
587 2645 719 2722 domine
738 2651 846 2732 pater,
862 2647 1008 2710 vestram
1031 2645 1239 2714 sanctitatem
1261 2645 1441 2734 talimodo

360 2797 362 2800 -
395 2757 412 2784 “
434 2747 585 2834 expetii.''
644 2745 836 2832 Vocansque
859 2745 1063 2832 „episcopum
1098 2769 1249 2824 seorsum,
1280 2747 1439 2814 visionem

300 2857 302 2860 ’
395 2849 574 2936 angelicam
589 2869 784 2934 omnemque
803 2847 851 2912 rei
872 2845 1051 2914 veritatem
1072 2849 1135 2914 sibi
1159 2871 1202 2914 ex
1221 2849 1337 2916 ordine
1353 2851 1439 2916 sicut

393 2953 541 3038 superius
574 2941 798 3038 praetaxatum
829 2953 878 3014 est
914 2951 1051 3036 pandit:
1085 2973 1214 3016 causam
1242 2951 1343 3018 etiam
1372 2975 1441 3020 mo-

392 3057 542 3142 dumque
558 3057 697 3120 eventus
720 3051 826 3120 eidem
845 3049 991 3118 indicare
1010 3053 1149 3130 studuit,
1165 3055 1252 3140 quod
1268 3053 1342 3120 ideo
1357 3055 1440 3122 talia

390 3161 559 3244 pateretur
581 3155 736 3242 quoniam
759 3147 873 3218 eadem
907 3153 1114 3238 sanctissima
1143 3145 1247 3232 nocte
1262 3179 1336 3222 cum
1359 3181 1439 3246 qua-

391 3261 467 3326 dam
490 3257 739 3336 sanctimoniali,
770 3257 903 3344 propria
937 3257 1095 3352 videlicet¹
1128 3281 1245 3338 sorore,
1269 3267 1437 3348 peccasset.

391 3365 432 3428 Id
467 3363 650 3450 episcopus}
671 3361 807 3426 audiens
839 3363 875 3434 et,
906 3361 995 3424 ultra
1025 3383 1125 3448 quam
1155 3353 1312 3428 aestimari
1335 3365 1438 3450 possit

369 3461 370 3464 '
390 3465 455 3532 Dei
472 3465 633 3552 judicium
658 3461 885 3550 expavescens,
904 3461 1013 3548 jussit·
1028 3459 1339 3536 beatumOdullum
1362 3465 1440 3532 Pas-

390 3569 518 3666 chalem
544 3567 677 3632 missam
697 3565 897 3650 lbajectensi
919 3633 920 3636 ,
927 3565 1050 3652 populo
1073 3555 1263 3634 solemniter
1284 3567 1356 3634 vice
1379 3589 1439 3634 sua
1466 3589 1467 3592 ’

389 3671 558 3738 celebrare.
620 3669 714 3750 Quod
728 3671 773 3740 ,et
795 3665 920 3732 factum
944 3665 1036 3734 est..
1061 3667 1146 3756 'lpse
1168 3671 1437 3758 veroepiscopus

380 3773 523 3840 ,interim
538 3771 768 3838 infirmitatem
782 3769 951 3858 simulans,
974 3769 1219 3856 pontificalibus
1235 3777 1441 3842 ornamentis

388 3875 568 3952 redimitus,
594 3895 696 3962 prope
727 3873 830 3938 altare
854 3871 1037 3940 residebat.
1084 3875 1204 3940 Postea
1226 3879 1437 3942 autem-con·
1509 3891 1510 3894 ’

388 3979 523 4066 dignam
545 3975 786 4068 ,poenitentiam
809 3997 839 4040 a¹
859 3979 978 4062 'sancto
997 3975 1119 4044 Odulfo
1153 3977 1218 4044 sibi
1250 3977 1435 4064 injunctam
1453 4003 1454 4006 ¹

388 4081 530 4168 explens,
567 4079 791 4168 episcopatum
827 4069 990 4162 reliquit,
1014 4077 1125 4144 decem
1150 4079 1283 4156 mnis„
1298 4081 1435 4148 exilium
1479 4093 1482 4098 “

386 4207 499 4274 passus
530 4183 745 4268 omnibusque
776 4179 852 4244 suis}
875 4179 1074 4266 incognitus,
1099 4181 1289 4248 beatissimo
1307 4183 1434 4258 ,Odulfo

386 4309 465 4354 cura
477 4285 634 4372 pastorali
657 4281 834 4350 commissa.
867 4281 926 4352 ,Et
949 4283 1115 4370 condigne,
1132 4283 1221 4370 satis,
1244 4299 1322 4348 nam
1337 4307 1433 4372 quem

385 4391 474 4456 Deus
496 4411 556 4474 per
578 4387 729 4474 angelum
748 4405 844 4454 suum
867 4385 917 4450 sic
936 4385 1114 4466 exaltavit,
1127 4385 1203 4470 jure
1226 4385 1268 4460 ab
1283 4387 1432 4452 ¹homini-

384 4493 446 4558 bus
467 4489 632 4556 ¹honorari
668 4485 796 4554 meruit.
857 4473 1050 4560 ⁴Transactis
1079 4509 1157 4562 vero
1191 4489 1300 4554 decem
1337 4489 1433 4556 annis

383 4593 543 4678 praefatus,
553 4591 702 4680 pontifex
715 4581 1058 4668 Frethericus'Sancti
1070 4587 1216 4686 Spiritus
1230 4591 1266 4664 in
1275 4613 1310 4664 se
1323 4591 1433 4678 gratia
