3300 5666
464 785 664 866 onnonrccn
686 813 845 866 assarna
869 815 915 866 nn
938 811 1110 866 rvrsnln.
1241 803 1304 870 ,161

260 1005 305 1066 Et
330 1001 480 1082 dominus
503 1025 588 1088 papa
608 1003 765 1088 praecepit
779 1007 818 1066 ut
842 1001 1032 1066 exhiberem
1049 1001 1466 1090 ea,wet³exhibui.A.D.1aot

258 1103 303 1168 Et
334 1103 484 1168 dominus
522 1125 607 1190 papa
644 1105 784 1190 propriis
821 1103 974 1168 manibus
1005 1103 1163 1168 tractavit
1193 1115 1239 1184 ea,
1271 1109 1305 1170 et

257 1209 362 1272 traxit
392 1229 449 1292 per
473 1209 599 1272 bullam
626 1213 659 1272 et
684 1211 810 1272 cartam
837 1207 864 1272 si
888 1207 975 1272 forte
1000 1211 1110 1292 pesset
1136 1205 1262 1270 bullam
1285 1229 1305 1270 a
1406 1289 1407 1292 Ἴ

257 1309 312 1372 filo
344 1331 501 1388 amovere,
540 1313 575 1374 et
604 1309 864 1394 'diligentissime
902 1309 1038 1374 intuens
1084 1331 1123 1372 ea
1164 1309 1304 1376 tradidit

257 1411 475 1476 cardinalibus
507 1411 673 1492 intuenda,
705 1415 740 1476 ct
770 1435 873 1496 quum
903 1435 961 1498 per
991 1433 1111 1496 gyrum
1138 1411 1304 1478 venissent

257 1511 375 1576 iterum
392 1511 432 1576 ad
450 1513 617 1578 dominum
641 1535 768 1598 papam,
793 1513 966 1578 ostendens
991 1513 1202 1598 privilegium
1220 1511 1304 1578 Ocn-

255 1613 395 1680 stantini
417 1613 514 1692 dixit,
539 1619 555 1648 “
569 1613 771 1698 Hujusmodi
797 1615 972 1700 privilegia
988 1637 1061 1698 quae
1078 1613 1172 1680 vobis
1188 1615 1304 1700 ignota
1316 1623 1368 1678 But
1379 1629 1440 1694 they

258 1723 274 1748 “
296 1721 382 1792 sunt,
410 1715 505 1782 nobis
530 1721 607 1780 sunt
632 1715 814 1794 notissima,
837 1739 897 1780 nec
920 1721 1055 1800 possent
1079 1715 1208 1798 falsari3
1222 1715 1239 1740 '’
1270 1721 1303 1782 et
1316 1699 1472 1820 &efficeret

257 1817 429 1884 ostendens
468 1817 689 1902 indulgentias
728 1817 823 1894 dixit,
866 1817 975 1884 “Istse
992 1827 1092 1882 'verae
1124 1817 1231 1896 sunt‚”
1269 1821 1392 1888 θ1ΡῠΡθ-

255 1919 403 1984 restituit
432 1919 514 1984 mihi
545 1921 661 1986 omnia.
718 1919 781 1984 Sed
813 1919 955 2004 qualiter
986 1919 1067 1984 rnihi
1099 1925 1132 1984 et
1163 1919 1303 1986 ecclesiae

255 2027 289 2086 et
316 2045 420 2088 causse
449 2027 570 2088 nostres
594 2023 763 2086 timuerim
791 2045 891 2108 quum
924 2045 981 2108 per
1008 2031 1128 2108 gyrum
1153 2023 1304 2088 viderent

253 2125 425 2210 privilegia
456 2123 635 2188 cardinales
663 2129 695 2186 et
725 2147 825 2208 quum
854 2123 1005 2192 dominus
1037 2145 1122 2210 papa
1146 2123 1196 2188 ita
1223 2125 1302 2188 dure

254 2249 291 2288 ea
315 2227 482 2304 tractavit,
512 2225 704 2310 supersedeo
721 2225 840 2290 'dicere
865 2225 942 2310 quia
965 2247 1032 2290 non
1059 2247 1186 2312 possem
1210 2225 1302 2290 vobis

254 2327 384 2392 edicere.
446 2327 604 2408 Quamvis
642 2327 726 2410 nillil
758 2325 840 2392 mihi
871 2327 1016 2406 conscius
1048 2349 1158 2404 essem,
1190 2333 1302 2392 tamen

179 2451 180 2454 ’
252 2429 335 2494 scivi
359 2427 445 2512 quod
472 2429 528 2494 ille
556 2431 612 2514 qui
644 2429 830 2494 habebatur
861 2453 921 2516 pro
945 2429 1083 2506 falsariO,
1114 2429 1197 2494 forte
1225 2429 1302 2514 quia

253 2531 403 2616 publicus
441 2553 550 2594 cursor
589 2531 655 2594 fuit
693 2531 800 2606 eurise,
839 2531 1140 2616 indulgentiarum,
1162 2531 1301 2614 portitor

251 2633 325 2710 fuit,
350 2635 384 2698 et'
406 2633 489 2696 circa
513 2633 687 2718 privilegia
712 2633 925 2698 Constantini
949 2633 1059 2696 omnia
1082 2631 1165 2696 mibi
1187 2633 1301 2716 ignota

252 2741 371 2798 erant
423 2735 488 2798 Sed
527 2755 629 2818 quum
671 2733 852 2818 approbata
893 2735 1038 2812 fuerunt,
1077 2733 1301 2798 inaestimabili

251 2835 372 2920 gaudio
396 2835 538 2918 repletus
557 2857 642 2922 sum.
689 2835 734 2898 Et
757 2835 827 2900 haec
852 2835 918 2900 fuit
934 2837 1075 2900 secunda
1091 2835 1299 2900 interlocutio

251 2959 310 3022 pro
326 2937 419 3002 nobis
437 2937 522 3002 data.
570 2937 680 3000 Prima
693 2937 783 3010 enim
802 2935 866 3002 fuit
881 2959 980 3020 quum
999 2933 1104 3024 primo
1121 2939 1169 3002 fui
1187 2937 1299 3004 Romae

251 3061 308 3124 pro
346 3039 528 3102 revocanda
562 3039 792 3128 jurisdictione
829 3039 987 3122 judicum,
1012 3061 1067 3116 ne
1106 3041 1141 3104 in
1174 3039 1298 3122 judicio

251 3139 443 3224 possessorio
459 3129 707 3218 sententiarent,
723 3161 822 3224 quam
837 3137 1120 3206 interlocutionem
1134 3141 1298 3226 propriam

252 3241 322 3326 ipsa
346 3263 431 3328 papa
460 3245 573 3328 postea
597 3243 772 3306 revocavit.
828 3241 875 3304 Et
898 3263 999 3326 quum
1018 3239 1089 3324 jam
1112 3247 1196 3306 esset
1219 3243 1299 3306 hora

251 3341 432 3428 prandendi
457 3345 612 3428 praecepit
635 3341 786 3406 dominus
809 3335 898 3428 papa¹
910 3341 998 3426 quod
1018 3343 1246 3422 recederemus,
1264 3347 1298 3408 et

252 3445 339 3528 quod
365 3443 570 3532 aduersarius
596 3447 707 3526 noster
734 3443 831 3508 aliter
859 3443 1078 3532 responderet
1092 3467 1193 3530 quum
1218 3445 1298 3510 alias

171 3537 173 3542 ’
251 3543 360 3610 vocati
377 3533 543 3610 essemus(
574 3545 619 3608 Et
634 3549 709 3630 post
724 3545 872 3610 triduum
895 3545 1017 3608 iterum
1040 3547 1149 3610 vocati
1166 3545 1296 3628 fuimus,
1310 3547 1393 3596 Three
1490 3579 1492 3582 ·

442 3647 448 3662 ,
733 3647 740 3662 ,
1310 3613 1381 3680 days'
1394 3623 1438 3670 ad·

251 3653 284 3712 et
297 3647 467 3734 respondit
481 3653 562 3712 tuuc
577 3647 782 3712 adversamus
798 3653 909 3712 noster
922 3671 975 3712 ε·-
1307 3681 1464 3746 journrnent.

249 3935 297 4002 Dc
320 3937 464 4004 secundo
488 3937 683 4004 consistorio
707 3945 736 4004 et
759 3937 799 4000 dc
822 3935 996 4022 objectione
1022 3937 1297 4024 proscriptionis

262 4025 265 4034 ¹
604 4047 722 4106 contra
742 4037 939 4124 pricilcpic.

294 4199 311 4228 ‘⁶
335 4193 432 4256 Pater
457 4195 575 4272 sancte,
603 4193 631 4256 si
662 4191 835 4278 privilegia
859 4213 937 4256 vera
960 4199 1038 4260 sunt
1061 4199 1094 4256 et
1121 4193 1296 4258 videantur
1309 4219 1437 4284 Olipstcns

251 4295 416 4382 “operari
448 4315 506 4380 pro
530 4295 585 4370 eis,
609 4295 651 4356 ad
678 4293 866 4358 libertatem
896 4301 1008 4358 tamon
1040 4295 1125 4360 nihil
1157 4301 1296 4380 prosunt
1310 4297 1441 4352 argument

250 4401 265 4430 “
288 4397 362 4476 illis‚'
387 4397 464 4482 quia
494 4397 539 4462 eis
567 4397 618 4460 usi
648 4419 715 4460 non
746 4399 834 4472 sunt,
867 4397 967 4460 immo
999 4395 1141 4480 episcopi
1170 4397 1297 4484 Wigor·

251 4503 266 4526 “
290 4519 404 4562 nenses
419 4519 436 4562 e
453 4497 614 4566 contrario
630 4499 664 4562 in
689 4499 863 4562 monachos
885 4501 920 4562 et
937 4499 1171 4562 monasterium
1187 4519 1297 4562 eorum

249 4599 361 4680 “jure
384 4601 548 4664 communi
571 4603 665 4664 tauto
695 4603 840 4684 tempore
874 4601 927 4664 usi
957 4605 1044 4676 sunt,
1075 4599 1163 4684 quod
1186 4607 1300 4666 contra

1143 4733 1164 4778 L
