3300 5666
357 765 421 830 150
480 755 482 760 ’
563 779 762 830 ouaoruoou
786 779 939 830 1111111
962 783 1008 830 nu
1032 781 1202 834 avusumu

192 983 260 1034 Ab.
276 983 347 1036 1205.
359 967 462 1034 nostri
492 965 664 1060 venerunt,
696 969 852 1058 magister
882 969 1035 1056 videlieet
1063 971 1226 1056 Robertus
1253 971 1292 1034 de
1318 969 1405 1058 (ilip-

360 1071 468 1138 111111
491 1079 525 1140 11
541 1073 578 1138 R.
604 1075 743 1162 persona
761 1073 801 1138 de
825 1073 942 1160 Rippel
964 1079 997 1138 et
1008 1073 1171 1160 'magister-
1186 1073 1350 1138 Ernaldus
1366 1073 1406 1140 de

361 1175 532 1266 Bathonia,
554 1175 626 1262 'qui
664 1177 848 1262 plusquam
870 1197 930 1262 per
968 1179 1120 1262 quartam
1157 1181 1286 1262 partem
1328 1175 1407 1240 anni

361 1269 499 1346 steterat
514 1279 551 1344 in
572 1279 663 1358 ouria
685 1279 775 1366 prius
797 1301 856 1366 pro
881 1277 1029 1364 episcopo
1054 1283 1169 1346 contra
1190 1301 1260 1360 nos,
1283 1295 1325 1342 ne
1349 1277 1408 1344 ali·
1487 1307 1489 1316 1

363 1383 443 1468 quid
472 1383 520 1448 ibi
551 1387 665 1448 contra
695 1405 769 1448 eum
793 1385 1059 1470 impetraremus.
1117 1383 1163 1448 Et
1193 1405 1294 1468 quum
1325 1383 1409 1448 esset

364 1485 532 1570 opiscopus
547 1485 583 1548 in
598 1485 799 1570 possessione
821 1483 1066 1570 jurisdictionis
1088 1485 1281 1548 monasterii
1296 1483 1401 1550 nostri

317 1583 318 1586 '
364 1593 397 1652 11
428 1585 616 1652 debuissent
646 1587 826 1674 adversarii
855 1587 960 1656 nostri
990 1589 1018 1652 si
1052 1589 1230 1674 prudenter
1259 1587 1410 1672 egissent,

345 1695 403 1754 -ut
433 1691 533 1756 moris
563 1695 613 1756 111
650 1691 897 1776 possidentium,
938 1689 1164 1778 subterfugere
1202 1691 1410 1772 sententiam,

365 1795 447 1858 miro
471 1793 568 1858 modo
584 1817 604 1856 a
619 1793 761 1858 Domino
785 1793 949 1856 infatuati
961 1793 1076 1858 statim
1091 1793 1283 1858 obtulerunt
1300 1817 1332 1858 se
1348 1791 1411 1874 liti,
1502 1789 1505 1800 ¹

366 1901 400 1960 et
424 1897 616 1960 relationem
634 1919 708 1960 cum
723 1895 933 1980 transcriptis
957 1895 1204 1982 privilegiorum
1226 1901 1413 1960 nostrorum

366 1997 482 2084 sigillis
501 1997 651 2082 judicum
674 1997 812 2084 signatis
829 1997 959 2062 domino
983 2019 1077 2084 papae
1094 1997 1296 2062 obtulerunt.
1343 1997 1413 2084 Ego

368 2121 444 2164 1111
476 2099 563 2164 11111
593 2103 690 2184 quam
721 2099 808 2164 credi
839 2099 941 2186 possit
968 2099 1007 2162 de
1032 2121 1144 2164 eorum
1173 2099 1318 2166 stultitia
1347 2123 1414 2186 prae

368 2201 488 2290 gaudio
512 2201 678 2264 admirans
702 2203 826 2288 gratias
850 2201 901 2288 egi
925 2201 1004 2278 Dec,
1029 2201 1178 2288 cogitans
1195 2201 1283 2288 quod
1298 2223 1422 2266 manus-

369 2303 449 2388 Ejus
472 2303 641 2368 nobiscum
665 2309 872 2392 operaretur;
898 2309 931 2368 et
952 2309 1089 2368 vocatus
1112 2303 1242 2368 nomine
1265 2325 1417 2390 procura·

305 2399 307 2404 ’
368 2405 450 2470 toris
478 2405 736 2484 Eveshamerrsis,
769 2393 854 2470 sicut
878 2405 1038 2490 quamdiu
1064 2407 1142 2470 steti
1167 2405 1215 2484 ibi
1245 2427 1371 2492 semper
1397 2429 1417 2468 a

341 2541 342 2544 ¹
371 2507 503 2572 domino
527 2529 611 2592 papa
638 2511 672 2570 et
695 2507 786 2584 omni
809 2507 900 2572 curia
922 2507 1112 2594 nominatus
1139 2529 1220 2584 sum,
1244 2507 1417 2592 comparui,

131 2631 132 2634 ¹
205 2617 342 2696 Theoues·
371 2613 405 2674 et
434 2607 590 2694 praecepit
615 2609 776 2674 dominus.
797 2629 882 2696 papa
907 2609 994 2694 quod
1022 2609 1056 2672 11
1082 2609 1219 2686 tertium
1247 2609 1334 2672 diem
1364 2629 1420 2696 pa-

204 2711 258 2790 1101
269 2701 360 2816 ‘'gflffie
371 2705 437 2774 rati
475 2729 615 2774 essemus
647 2711 689 2774 ad
719 2697 927 2798 litigandum.
989 2711 1060 2798 Ego
1091 2733 1168 2776 uero
1208 2711 1354 2798 cogitans
1392 2711 1420 2774 si

204 2777 324 2904 ffilffyso
374 2813 536 2878 Dominus
556 2813 608 2876 ita
633 2813 841 2898 providisset,
866 2813 951 2878 siout
974 2835 1033 2898 per
1055 2813 1199 2900 gratiam
1222 2813 1285 2876 Dei
1308 2817 1422 2898 postea

161 2969 162 2972 ,
206 2903 358 3020 11111ξῇῗῇ
374 2915 497 2978 factum
528 2917 585 2990 est,
613 2915 702 3000 quod
728 2935 824 2978 causa
848 2935 945 2998 super
971 2913 1202 2998 jurisdictione
1233 2913 1423 2978 monasterii
1484 2901 1485 2904 ¹

207 2993 361 3098 illimus
375 3037 441 3102 qua
467 3003 622 3080 destituti
645 3037 779 3080 eramus
801 3015 1000 3102 procederet,
1025 3017 1083 3080 illa
1105 3037 1183 3080 vero
1208 3039 1305 3102 super
1322 3015 1422 3102 juris-

375 3119 518 3184 dictione
548 3117 644 3182 vallis
675 3117 765 3202 cujus
803 3119 1004 3204 possessione
1043 3119 1268 3204 gaudebamus
1298 3117 1424 3204 semper

376 3221 428 3286 vel
460 3221 495 3284 11
525 3223 623 3308 longa
653 3227 802 3308 tempora
830 3219 1008 3300 differetur,
1036 3221 1116 3302 dixi,
1150 3221 1277 3286 “Pater
1304 3227 1423 3300 sancte,
1515 3293 1517 3296 ¹

377 3331 393 3358 ‘⁵
416 3323 562 3388 nondum
593 3325 687 3410 plene
717 3327 938 3408 pervenerunt
965 3323 1007 3386 ad
1034 3345 1085 3406 me
1116 3323 1289 3410 privilegia
1313 3329 1425 3402 nostra

378 3425 537 3512 “quibus
568 3447 698 3490 causam
728 3425 892 3490 libertatis
919 3429 953 3490 et
976 3405 1194 3512 eriemptionis
1217 3425 1425 3490 ecclesiarum

380 3535 396 3562 ‘⁶
421 3527 516 3592 vallis
541 3527 723 3608 defendam,
749 3527 813 3590 nisi
844 3533 979 3592 tantum
1004 3549 1138 3612 eaquae
1161 3527 1204 3590 ad
1231 3549 1427 3612 consequen-

312 3615 324 3620 *
379 3635 397 3662 ‘⁴
422 3627 498 3692 dam
528 3629 716 3704 libertatem
749 3635 782 3694 et
812 3625 1055 3716 exemptionem
1094 3629 1285 3692 monasterii
1322 3629 1427 3694 nostri

381 3739 400 3768 “
422 3729 620 3818 pertinent.”
666 3731 712 3796 Et
726 3753 840 3798 revera
863 3735 998 3796 tantum
1021 3743 1124 3794 unum
1148 3731 1369 3810 Constantini,
1393 3737 1428 3798 et

382 3833 473 3898 aliud
503 3833 704 3898 Innocentii
723 3833 865 3912 secundi,
890 3841 924 3898 et
947 3833 1165 3920 indulgentia
1190 3833 1369 3898 Clementis
1395 3839 1429 3898 et
1471 3897 1477 3904 .

384 3935 542 4014 Oelestini
565 3937 608 4000 ad
629 3959 682 4000 me
706 3941 866 4000 venerant
890 3957 964 4000 cum
988 3935 1256 4002 attestationibus
1278 3941 1314 4002 et
1338 3941 1429 4000 tran-

383 4039 512 4124 scriptis
528 4033 675 4106 omnium
699 4037 971 4126 privilegiorum„
992 4039 1107 4104 .Aliud
1122 4059 1202 4102 vero
1219 4039 1431 4104 Constantini

384 4147 418 4206 et
443 4139 528 4206 illud
554 4141 737 4206 Alexandri
764 4141 881 4206 attulit
903 4135 985 4204 mihi
1010 4145 1085 4228 post
1107 4141 1307 4206 sententiam
1328 4143 1431 4206 latam

384 4241 540 4330 magister
563 4241 677 4310 Adam.
695 4241 816 4308 Sortes.
863 4241 910 4308 Et
926 4241 1078 4310 dominus
1100 4265 1185 4330 papa
1208 4241 1304 4322 dixit,
1328 4243 1432 4310 “Susa

387 4355 403 4382 “
427 4347 516 4412 ficit:
541 4347 692 4410 volumus
720 4347 807 4412 enim
835 4349 874 4412 ut
899 4349 1034 4410 tantum
1061 4367 1194 4412 oausam
1217 4367 1314 4430 super
1335 4345 1432 4412 libor-

386 4457 402 4484 “
425 4453 496 4514 tate
522 4447 712 4514 monasterii
736 4449 852 4534 agatis,
883 4469 985 4536 super
1009 4447 1165 4514 libertate
1196 4451 1308 4514 autem
1337 4447 1433 4514 111111

386 4559 405 4588 “
427 4555 542 4640 postea
564 4549 696 4638 agetis.”
743 4549 788 4616 Et
810 4551 944 4636 gavisus
968 4573 1042 4616 sum
1069 4553 1109 4616 de
1137 4549 1299 4616 divisione
1325 4573 1434 4616 oausa-

386 4679 468 4734 rum,
485 4661 518 4720 et
533 4677 636 4740 quum
652 4655 793 4720 multum
817 4655 996 4742 cogitarem
1021 4677 1173 4740 quaenam
1189 4659 1274 4720 esset
1289 4655 1434 4720 stultitia
