3308 5666
557 665 558 668 ’
686 679 872 730 arrarum.
1030 723 1031 728 ,
1239 639 1361 760 317Ι

186 907 188 922 2
246 871 460 984 ΓΓΓΓΓΓΓΓΓΓ,
483 867 638 934 simulet
623 869 786 954 topicam
818 857 1031 954 pontificatus
1053 867 1087 928 ct
1109 863 1197 928 tanti
1220 859 1308 942 ordi
1349 853 1429 986 ASD

258 969 311 1034 nis
332 969 560 1036 admirandam
583 971 808 1048 sanctitatem,
830 967 1130 1052 ut'crebrarpsius
1151 949 1370 1030 ΓΓΓΓΓΓΓΓΓο·

257 1075 434 1150 testantur,
467 1059 615 1138 obtinere
641 1069 795 1144 meruit·
788 1075 998 1158 ,praestante
1029 1065 1172 1132 Domino
1194 1067 1317 1136 nostro

258 1171 340 1236 Jesu
370 1175 513 1252 Ohrist0,
537 1175 604 1254 Qui
632 1195 707 1240 cum
730 1173 896 1238 Patret
862 1177 896 1238 et
920 1171 1049 1260 Spiritu
1073 1169 1196 1234 Sancto
1221 1163 1314 1232 vivit

258 1279 291 1340 et
314 1261 433 1366 regnat
455 1275 547 1392 Deus
569 1297 627 1362 per
650 1275 786 1340 infinita
807 1275 1002 1342 saeculorum
1025 1273 1164 1342 saecula:
1190 1259 1307 1336 Arnen.

491 1575 543 1642 Dc
564 1541 650 1642 aab
651 1573 696 1642 bo
718 1563 915 1660 ΑΓΓΓΓΓΓΓΓ
936 1575 1079 1678 Raptam.

185 1759 187 1764 s
304 1723 483 1790 Laudabile
507 1695 701 1804 miraculum
724 1747 783 1812 per
797 1725 932 1816 beatum
950 1723 1110 1792 Odulfum
1127 1723 1308 1820 apiissirno
1361 1735 1428 1786 AD.

260 1827 427 1894 Domino
438 1835 483 1914 pa
484 1833 610 1912 tratum
644 1829 786 1894 deducat
771 1833 827 1894 utr
851 1827 900 1910 ΓΓ
937 1829 1089 1902 medium.
1148 1815 1308 1920 Tempore
1322 1809 1398 1852 ¹⁰4³
1401 1807 1471 1854 1⁰⁶⁵

260 1931 425 2016 magnifici
440 1955 478 1996 ac
494 1931 566 1998 Deo
581 1931 695 1998 dilecti
717 1931 815 2020 regis
813 1931 1004 1996 AEduuardi
1027 1953 1087 2022 con
1088 1929 1168 2018 tigit
1191 1935 1229 1996 ut
1251 1951 1309 2016 per

260 2035 408 2120 reginam
431 2035 589 2100 Editham
606 2035 775 2102 desiderio
798 2039 891 2098 sanct
893 2057 986 2100 orum
1010 2015 1143 2100 ductam
1165 2035 1308 2110 edictum

233 2143 437 2222 ,poneretur
469 2137 506 2202 in
539 2137 663 2224 Anglia
693 2161 751 2224 per
780 2137 875 2224 plura
909 2137 1109 2204 monasteria
1146 2143 1309 2224 quatenus

259 2239 405 2324 reliquiae
428 2239 617 2304 multorum
651 2245 840 2306 sanctorum
873 2240 961 2356 apud
993 2239 1228 2306 Glauuorniam
1258 2261 1310 2304 co-

259 2341 494 2436 adunarentur,
516 2347 570 2408 ΓΓ
579 2341 631 2406 die
655 2339 849 2408 constituta
859 2341 981 2458 regina
983 2341 1075 2408 illuc
1089 2343 1224 2408 veniens
1250 2363 1309 2434 pro

260 2441 356 2508 libito
378 2433 430 2508 sui
453 2465 592 2530 quaeque
614 2443 768 2530 optima
763 2443 896 2530 proprio
914 2443 984 2530 juri
1006 2445 1218 2532 manciparet.
1241 2443 1308 2510 Sed

261 2545 341 2630 quid
363 2545 483 2632 plural
506 2545 661 2612 Pervenit
684 2545 831 2612 edictum
853 2567 957 2638 usque
980 2545 1023 2610 ad
1046 2547 1309 2626 Eoveshamense

260 2647 513 2712 monasterium.
527 2687 528 2690 =
552 2647 714 2724 ΟΓΓΓΓΓΓΙ
705 2671 717 2712 Γ
732 2647 836 2738 igitur
851 2647 962 2712 dolore
978 2669 1090 2714 omnes
1106 2649 1309 2716 habitatores
1356 2703 1367 2734 ¹.

261 2749 332 2828 loci,
354 2773 423 2816 nec·
444 2751 558 2834 tainen
586 2743 761 2838 praecepto¹
781 2749 867 2836 regis
898 2755 932 2816 et
966 2751 1086 2838 reginae
1116 2753 1182 2818 ullo
1212 2749 1310 2818 modo
1414 2801 1417 2806 .

262 2851 411 2922 resistere
434 2851 524 2930 ausi,¹¹
537 2853 672 2920 consilio
694 2853 787 2918 inito
803 2853 1017 2920 decreverunt
1040 2853 1142 2942 magis
1156 2849 1311 2942 reliquias

264 2957 371 3020 sancti
417 2955 544 3022 Odulfi'
568 2977 666 3040 quam
701 2953 885 3020 beatissimi
929 2961 988 3044 pat
974 2957 1070 3022 troni
1107 2957 1158 3024 sui
1204 2957 1310 3022 sancti

264 3055 333 3144 Ecg
313 3057 428 3124 ouuini
452 3057 690 3124 Glauucrnianr
718 3059 952 3124 manumittere.
999 3059 1096 3142 Quod
1121 3065 1154 3124 et
1185 3059 1310 3160 factum

263 3165 321 3226 est.
368 3159 488 3246 Itaque
519 3147 573 3226 die
608 3161 791 3226 constituta
821 3159 1028 3238 adveniente,
1061 3167 1095 3228 et
1129 3185 1204 3250 rege
1235 3183 1309 3228 cum

263 3263 330 3326 suis
379 3263 629 3348 optimatibus
624 3267 671 3328 ut
708 3263 741 3326 in
781 3247 934 3328 natalitio
973 3263 1108 3328 Domini
1146 3265 1199 3328 die
1236 3285 1310 3382 quae
1428 3289 1429 3292 ¹

263 3357 481 3428 solemnitatis
505 3369 599 3430 erant
623 3367 815 3448 exequente,
842 3363 980 3450 praefata
1002 3365 1116 3462 regina
1138 3387 1212 3452 quae
1239 3367 1311 3454 jam

264 3465 375 3530 animo
398 3469 603 3582 conceperat
612 3465 755 3584 implere
777 3455 928 3550 sequenti
959 3467 1011 3532 die
1041 3491 1079 3532 ac
1080 3473 1203 3534 tutum
1225 3475 1310 3534 sata-

265 3569 400 3656 gebat
432 3567 547 3634 Accitc
592 3567 697 3656 igitur
741 3567 910 3634 aurifabro
951 3569 1052 3656 jussit
1097 3575 1137 3636 ut
1182 3571 1312 3660 singula

264 3675 450 3736 sanctorum
482 3659 601 3736 scrinia
634 3671 786 3758 aperiret,
798 3667 973 3754 quatenus
996 3695 1037 3736 ex
1060 3673 1101 3738 iis
1124 3695 1198 3760 quae
1207 3675 1341 3740 intus

264 3777 358 3838 erant
395 3771 579 3838 desiderio
599 3793 659 3838 suo
691 3769 900 3860 satisfaceret
954 3775 1030 3840 Hoc
1064 3781 1236 3862 postquam
1253 3777 1312 3840 de

264 3875 470 3960 quibusdam·
485 3871 607 3940 sanctis
621 3879 671 3940 ΓΓΓ
695 3841 896 3960 completum
918 3881 952 3942 et
975 3877 1019 3942 ad
1040 3877 1196 3964 reliquias
1221 3877 1359 3944 beati
1382 3921 1383 3926 Γ

266 3977 379 4044 Odulfi
393 3977 567 4070 sumendas
582 3979 632 4042 est
655 3979 802 4052 ventum,
825 3975 939 4042 statim
962 3985 1001 4044 ut
1016 3979 1179 4046 aurifaber
1192 3979 1312 4046 feretro
1442 4053 1443 4068 Γ

265 4081 371 4144 sancti
390 4095 540 4142 ‘manum
572 4077 719 4154 immisit,
752 4075 836 4142 mira
869 4083 942 4144 res!
979 4081 1133 4146 meritum
1166 4081 1312 4170 praeclari
1366 4099 1367 4102 ’

266 4181 380 4246 Odulfi
401 4201 460 4266 per
475 4179 639 4246 virtutem-
660 4179 723 4244 Dei
746 4179 873 4264 cupidae
895 4181 1017 4270 reginae
1033 4183 1311 4250 visumabstulit.

267 4283 424 4348 Cerneres
439 4303 550 4348 omncs
572 4279 749 4370 prasentes
772 4285 908 4360 turbari,
930 4285 1051 4364 mirari,
1068 4291 1102 4352 et
1123 4285 1202 4372 quid
1216 4287 1312 4352 triste

266 4385 420 4452 acciderit
435 4385 646 4472 percunctari.
694 4385 773 4472 Ipsa
795 4385 936 4472 denique
959 4387 1080 4474 regina,
1097 4411 1164 4474 prae
1184 4391 1312 4456 caeteris

266 4487 371 4552 tristis
394 4487 517 4564 effecta,
541 4487 735 4574 quantocius
757 4489 914 4576 praecepit
930 4489 1096 4556 aurifabro
1111 4491 1153 4556 ab
1167 4491 1312 4580 incoepto
1346 4541 1349 4552 ,,

268 4589 430 4656 desistere.
475 4589 560 4654 Turn
593 4591 726 4660 demum
760 4597 840 4658 voto
858 4613 908 4676 ιΓΓ
949 4591 1109 4680 obligavit
1142 4613 1317 4684 nunquam
1414 4629 1418 4636 ·
