3300 5666
446 763 447 770 ,
464 719 663 770 oasouroou
677 719 833 768 ABBATIAE
849 721 895 770 ns
911 719 1078 770 1111111111,
1244 713 1283 772 21

288 891 370 958 Haec
401 913 460 956 nos
474 915 579 978 paene
609 891 746 956 verbum
773 915 816 958 ex
837 891 938 956 verbo
969 891 1134 958 subsecuti
1157 913 1284 970 sumus,

242 995 326 1060 sicut
359 993 496 1078 ipsemet
530 995 582 1060 vir
616 999 746 1058 sanctus
773 995 810 1058 in
842 995 940 1058 cartis
971 995 1038 1058 suis
1069 1015 1110 1058 ex
1140 993 1284 1058 maxima

115 1145 120 1160 .
177 1167 178 1170 Ἴ
218 1101 333 1184 parte
365 1097 534 1160 scribendo
567 1103 617 1162 est
647 1101 843 1184 prosecutus.
905 1097 960 1184 Ε1
981 1097 1057 1160 licet
1090 1095 1281 1182 scriptorum

239 1221 307 1264 non
338 1199 381 1264 sit
405 1199 665 1278 eademmanus,
698 1199 842 1286 ejusdem
868 1221 985 1264 manus
1013 1203 1046 1262 et
1070 1199 1139 1264 stili
1169 1199 1280 1264 seriem

238 1301 327 1368 fideli
350 1291 506 1368 relatione
530 1301 718 1368 summatim
744 1301 1017 1390 transcripsimus,
1057 1289 1068 1296 Ἣ

284 1407 364 1472 Ecce
388 1405 535 1486 audistis,
554 1407 674 1486 ¹fratres
705 1405 769 1472 mei
793 1407 1007 1486 dilectissimi,
1033 1405 1069 1470 in
1091 1403 1170 1470 ista.
1184 1411 1281 1500 carta,
1371 1475 1373 1478 ,
1435 1477 1436 1480 ¹

141 1509 142 1512 ’
240 1511 293 1596 (ne
315 1508 447 1574 lucerna
473 1531 606 1574 accensa
635 1509 696 1574 sub
726 1507 836 1572 modio
859 1509 1121 1590 absconderetur,
1154 1509 1218 1588 sed,
1234 1515 1282 1584 ut
1303 1553 1312 1560 „

237 1607 359 1678 luceret
382 1611 532 1676 omnibus
555 1611 671 1698 quiin
694 1613 789 1678 domo
814 1611 950 1676 Domini
977 1617 1063 1692 sunt,
1088 1633 1185 1698 super
1208 1607 1281 1676 can·
1296 1623 1452 1676 81111111.

238 1715 408 1782 delabrum
432 1721 616 1802 poneretur,
641 1715 846 1780 stridentes
869 1715 1192 1802 bonaoperabeati
1217 1715 1281 1802 Eg·
1298 1697 1334 1776 ¹.⁵·
1397 1717 1399 1722 ’
1437 1781 1438 1786 1

237 1817 317 1884 uini
351 1817 565 1906 glorificemus
598 1817 729 1884 Patrem
752 1823 901 1882 nostrum
934 1817 998 1898 Qui
1025 1817 1061 1880 in
1086 1817 1176 1882 coelis
1202 1817 1281 1904 est)

236 1927 360 2006 quanta
393 1943 450 2006 per
482 1943 556 1986 eum
580 1915 740 1986 Dominus
775 1920 861 1986 clara
892 1941 989 2006 opera
1017 1925 1050 1984 et
1072 1919 1280 2000 miraculosa,
1317 1981 1320 1986 .

236 2025 320 2108 (lum¹
330 2023 437 2088 adhuc
457 2023 522 2088 ista
537 2023 689 2090 mutabili
704 2022 961 2104 luceirueretur,
979 2023 1104 2110 operari
1127 2023 1281 2110 dignatus
1358 2047 1361 2054 ·

236 2131 293 2192 est.
327 2121 486 2214 ¹(luorum
499 2201 500 2206 ἵ
513 2129 669 2214 quaedam,
689 2127 771 2214 ,quia
793 2127 830 2192 in
859 2129 930 2192 vita
958 2127 1104 2214 ejusdem
1118 2149 1165 2206 ea
1188 2127 1281 2192 vobis

162 2297 163 2302 ,
235 2229 363 2318 plenius
378 2231 572 2316 scripsimus,
597 2231 851 2310 dilucidarehic
866 2253 932 2296 non
949 2237 1086 2318 oportet.
1109 2307 1110 2310 Ἴ
1133 2223 1198 2298 Sed
1212 2231 1281 2308 ,hoc

234 2339 284 2398 est
306 2333 504 2404 mirabilein
528 2333 627 2398 oculis
654 2333 783 2410 nostris,
801 2333 888 2420 quod
910 2333 1028 2400 beatus
1048 2333 1223 2422 Ecgwinus
1245 2331 1281 2396 in

234 2435 296 2500 hac
317 2435 579 2522 peregrinatione
602 2435 727 2522 positus
750 2441 821 2500 tam
850 2437 1037 2522 permulta
1060 2437 1203 2500 locorum
1231 2435 1281 2500 in-

218 2539 373 2602 ‘tervalla
392 2539 502 2624 *longe
527 2537 684 2602 distantia
712 2559 812 2624 quam
833 2559 933 2624 prope
957 2537 1073 2624 posita·
1094 2537 1131 2600 in
1146 2563 1147 2566 ¹
1162 2537 1280 2626 spiritu

233 2635 423 2726 cognovit&
442 2641 524 2706 Ecce
551 2641 647 2720 enim,
674 2639 814 2706 audistis
839 2641 990 2726 qualiter
1010 2633 1176 2706 excessum
1190 2665 1191 2668 ¹
1206 2640 1280 2706 reli-

232 2743 315 2830 giosi
342 2743 504 2808 antistitis
535 2741 678 2808 Aldelmi
706 2765 777 2830 ¹per
796 2769 797 2772 ¹
814 2743 1048 2808 revelationem
1067 2737 1277 2828 cognoverit.

234 2847 343 2926 Quum
378 2849 476 2926 enim
499 2845 631 2932 gloriosi
661 2845 842 2932 praesules,
866 2847 983 2912 beatus
1010 2845 1180 2928 uidelicet
1216 2847 1276 2912 Ec-

232 2951 361 3036 gwinus
377 2955 410 3014 et
426 2953 558 3014 sanctus
580 2949 759 3028 Aldelmus,
776 2949 825 3014 ita
847 2955 963 3014 mutuo
980 2949 1134 3014 caritatis
1146 2951 1278 3014 vinculo

233 3073 266 3116 se
296 3053 337 3116 ad
364 3053 507 3116 invicem
537 3053 711 3138 diligerent
743 3057 776 3116 et
803 3053 867 3116 sibi
899 3051 1225 3130 confoederarentur,
1239 3059 1277 3118 ut

232 3175 299 3218 non
331 3155 436 3220 solum
452 3155 585 3220 eaedem
598 3155 785 3240 dignitates,
810 3175 911 3240 quum
928 3161 1065 3242 uterque
1089 3149 1174 3220 esset
1198 3155 1280 3240 epis·

233 3279 330 3344 copus
354 3263 389 3322 et
412 3257 513 3322 abbas
544 3259 593 3322 11
609 3263 746 3344 uterque
769 3257 863 3322 binas
886 3269 1014 3344 regeret
1036 3257 1193 3336 ecclesias,
1222 3259 1277 3324 sed

233 3365 266 3424 et
293 3383 421 3426 morum
444 3361 591 3448 gravitas
614 3367 648 3426 11
668 3363 750 3436 ¹ritae
775 3361 933 3428 sanctitas
948 3383 1025 3426 vere
1040 3353 1169 3428 faceret
1185 3359 1279 3446 spiri-

231 3463 337 3530 tuales
361 3485 428 3530 esse
450 3485 642 3550 germanos3
666 3467 763 3528 tanta
785 3465 869 3530 cirea
892 3485 945 3528 eos
968 3465 1086 3528 caritas
1103 3461 1275 3542 effulserat,

232 3563 318 3652 quod
341 3565 425 3632 siout
446 3567 483 3644 in
506 3555 659 3632 vitasua
683 3565 871 3632 dilexerunt
903 3587 944 3644 se,
969 3571 1008 3632 ut
1034 3563 1185 3652 quamvis
1208 3587 1281 3632 cora

230 3689 306 3754 pore
329 3675 564 3756 separarentur,
588 3675 699 3734 tamen
722 3669 759 3734 in
780 3673 887 3734 morte
910 3671 1044 3756 spiritus
1067 3689 1188 3736 eorum
1209 3691 1276 3734 non

230 3777 308 3836 sunt
338 3773 488 3858 separati.
545 3769 626 3852 Quis
650 3791 739 3856 ergo
758 3793 825 3836 non
857 3771 969 3836 credat
996 3775 1113 3836 'eorum
1143 3773 1276 3858 spiritus

230 3875 382 3960 conjungi
404 3875 441 3938 in
464 3873 560 3954 coelis,
587 3875 736 3962 quamvis
759 3897 872 3940 eorum
892 3895 1026 3962 corpora
1049 3879 1276 3962 separarentur

230 3977 265 4040 in
294 3977 398 4056 terris,
430 3999 567 4064 quorum
598 3979 647 4044 in·
665 3977 778 4042 mortis
805 3977 952 4058 articulo
987 3983 1026 4042 ut
1058 3979 1167 4064 frater
1181 3971 1275 4054 fratri
1339 3991 1340 3994 ’

228 4079 349 4146 funeris
371 4081 525 4168 obsequia
548 4079 726 4160 exhiberet,
750 4085 821 4146 tam
844 4079 954 4146 subito
977 4087 1012 4146 11
1037 4085 1107 4146 tam
1138 4079 1275 4146 miracu-

227 4182 294 4250 lose
319 4185 453 4272 spiritus
482 4191 515 4250 et
546 4205 679 4270 corpora
710 4183 1001 4270 conjungebantur.
1031 4201 1032 4206 ’
1060 4183 1123 4250 Sed
1147 4183 1196 4246 in
1214 4181 1273 4264 his,

227 4287 311 4352 sicut
332 4287 369 4350 in
390 4287 497 4352 beatis
520 4285 694 4352 Ambrosio
708 4291 752 4350 11
776 4285 931 4364 Martino,
950 4285 1195 4370 Omnipotentis
1211 4285 1274 4352 Dei

228 4393 306 4452 sunt
326 4387 542 4454 collaudanda
563 4387 736 4472 magnalia,
752 4385 848 4452 'circa
875 4409 956 4474 quos
980 4387 1146 4452 consimile
1176 4389 1274 4454 mira·

227 4493 336 4556 culum
368 4491 541 4578 contigisse
574 4511 639 4556 non
664 4489 852 4576 ambigitur,
886 4491 928 4554 ad
963 4489 1044 4576 Ejus
1076 4489 1206 4556 laudem
1240 4497 1273 4556 et

227 4589 383 4658 honorem
403 4595 469 4674 Qui
491 4595 530 4660 in
551 4595 671 4658 sanctis
699 4593 766 4658 suis
784 4613 911 4678 semper
933 4597 967 4658 et
989 4593 1111 4680 ubique
1133 4599 1184 4658 est
1205 4594 1274 4682 glo-
