3066 5676
448 729 650 780 onnourcon
674 729 831 782 luserim
855 735 901 782 on
925 735 1088 786 nvnsnmr.
1240 729 1278 790 39

264 1147 390 1236 Incipit
414 1147 579 1232 Prolopoa
606 1145 709 1212 Libri
723 1147 874 1214 Secundi
894 1147 935 1214 do
958 1149 1141 1214 miracolis
1163 1147 1281 1216 Stanecli

343 1251 480 1336 Epmioi
496 1273 568 1338 qum
583 1251 675 1316 Docta
687 1273 750 1338 per
764 1251 868 1318 illum
880 1259 1034 1338 operatus
1049 1259 1094 1318 cat
1107 1259 1284 1338 postquam

344 1353 383 1420 ab
398 1353 460 1420 huc
478 1353 641 1420 mutabili
665 1355 736 1420 lucc
752 1353 908 1438 decessit;
930 1355 1039 1422 odilus
1062 1377 1084 1422 o
1107 1355 1283 1422 Dominioo

344 1457 463 1526 Priora
478 1457 703 1526 Emcshcmica.

306 1641 408 1724 Quum
431 1643 544 1710 divina
566 1645 807 1734 Omnipotentis
822 1645 885 1712 Dei
900 1645 1051 1714 miracula
1077 1667 1136 1734 per
1161 1653 1285 1714 sanctos

266 1745 343 1810 viros
365 1747 554 1822 mirabiliter
584 1755 714 1826 ostensa
744 1751 848 1818 varios
879 1755 912 1814 et
943 1751 1135 1838 multiplices
1164 1753 1286 1818 fructus

266 1869 299 1912 ea
311 1849 360 1936 pie
375 1851 650 1920 considerantibus
665 1855 837 1942 proferant,
854 1875 920 1920 non
936 1855 1172 1920 incommodum
1194 1855 1288 1918 duxi-

267 1973 331 2018 mus
348 1975 447 2040 pauca
461 1955 605 2024 breviter
627 1957 805 2044 praelibare,
822 1963 984 2044 quatenus
998 1981 1089 2024 mens
1111 1963 1180 2024 tam
1203 1959 1287 2022 dailei

268 2059 416 2134 memoria
445 2059 574 2126 intenta
611 2061 770 2128 virtutem
809 2061 996 2148 hujusmodi
1026 2061 1289 2128 considerationis

268 2157 365 2226 voleat
379 2165 554 2230 secundum
569 2165 730 2232 rationem
745 2165 960 2254 perpendere3
983 2187 1135 2252 magnum
1150 2187 1288 2250 namque

269 2259 396 2336 sincium
421 2267 604 2354 legentibus
628 2275 662 2336 et
682 2269 899 2352 audientibus,
925 2269 953 2334 si
973 2269 1068 2356 digne
1094 2269 1129 2334 id
1156 2269 1286 2356 egerint,

269 2367 420 2454 perspicue
449 2373 672 2454 manifestant,
706 2373 855 2460 quoniam
886 2377 919 2460 et
956 2371 1110 2460 placidior
1140 2395 1159 2438 a
1196 2393 1289 2436 mun-

270 2461 413 2536 danorum
427 2475 656 2560 phantasmate
668 2479 821 2544 memoria
830 2475 1018 2558 custoditur,
1030 2481 1062 2542 et
1073 2497 1288 2564 saepenumero

270 2573 423 2640 murum
452 2585 662 2666 patronorum
700 2581 855 2670 exemplis
889 2579 1016 2646 coeleste
1052 2601 1187 2666 regnum
1224 2601 1289 2644 non

270 2681 399 2762 negatur.
446 2681 528 2748 Inde
555 2687 642 2750 enim
669 2687 738 2752 enit
765 2685 1002 2772 quamplurima
1032 2683 1165 2748 dulcedo
1195 2681 1290 2746 laude

272 2769 460 2866 Divinitatis,
483 2787 604 2854 arduus
621 2789 721 2856 ctiam
744 2811 841 2870 amor,
866 2793 1047 2854 sanctorum
1070 2787 1180 2874 gloria,
1201 2785 1292 2850 favor

271 2885 501 2972 intentorum,
534 2893 718 2960 emendatio
748 2893 965 2980 praesentium
1004 2913 1075 2978 spes
1108 2891 1291 2956 futurorum

273 2977 421 3056 bonomm.
467 2993 575 3076 Unde,
608 2999 686 3084 quia
716 2997 820 3062 multa
850 3019 924 3084 quae
955 2995 1043 3060 Deus
1072 3017 1130 3080 per
1160 2995 1292 3060 beatum

273 3091 385 3170 petrem
398 3101 545 3164 nostrum
561 3105 711 3166 sanctum
724 3101 917 3188 Ecgwinum
933 3099 1083 3186 dignatus
1098 3103 1149 3162 est
1160 3095 1291 3184 operari,

273 3191 455 3280 negligentia
470 3207 503 3268 et
517 3205 642 3270 incuria
659 3205 852 3292 scriptorum
869 3205 986 3270 scimus
1001 3199 1157 3268 oblivioni
1172 3199 1293 3264 tradita

274 3309 340 3374 ⁰⁸⁵0,
369 3303 499 3386 proinde
540 3329 717 3396 congrumn
757 3309 888 3376 videtur
927 3305 1088 3372 memoriae
1126 3303 1292 3368 literarum

271 3395 389 3466 indere
417 3427 453 3474 ca
479 3433 552 3496 qum
584 3435 604 3478 a
626 3413 778 3480 fidelibus
805 3417 838 3478 et
865 3411 1055 3478 credulitate
1081 3405 1189 3494 dignis
1214 3405 1292 3470 viris

275 3503 423 3580 potuimus
449 3515 626 3582 secundum
650 3519 697 3584 rei
723 3517 896 3584 veritatem
926 3513 1086 3602 indagare.
1142 3509 1182 3574 Id
1207 3509 1293 3574 enim

275 3603 492 3700 lingeremus,
520 3619 701 3688 multarum
724 3621 883 3690 instantia
904 3641 1033 3708 precum
1056 3621 1091 3682 et
1112 3611 1294 3682 obedientia

276 3711 515 3798 praepulium
530 3725 670 3792 fratrum
686 3731 719 3792 et
735 3727 877 3792 maxime
900 3745 1007 3790 amore
1022 3717 1123 3788 sancti
1140 3715 1293 3804 compulsi

276 3823 379 3882 iuml&
437 3821 605 3894 Praeolarae
643 3831 746 3918 igitur
780 3829 899 3896 virtuti
930 3823 1121 3894 obedientiae
1151 3821 1293 3886 animum

276 3907 580 4010 submittamini
608 3935 772 4022 praecipue
796 3933 980 4000 studuimus
1006 3929 1190 4016 depromere
1220 3947 1293 4010 quae

275 4007 311 4076 ib
337 4017 410 4106 iliis
438 4051 458 4092 a
487 4035 606 4120 quibus
638 4045 715 4106 sunt
739 4039 811 4106 visa
840 4035 1044 4126 percepimus,
1075 4033 1172 4120 prout
1202 4033 1291 4116 gesta

277 4125 412 4234 ΨΜ
425 4131 460 4196 in
475 4133 546 4224 ipsa
556 4141 704 4210 veritate.
751 4141 851 4208 Nullo
867 4139 960 4208 modo
979 4137 1097 4226 quippe
1111 4133 1203 4198 decet
1213 4153 1294 4220 prae-

277 4211 365 4336 ,ΨΘ
386 4229 518 4322 singulm
543 4241 620 4312 licet
645 4269 712 4312 non
739 4247 897 4334 possimus
927 4241 1013 4310 tanti
1042 4239 1106 4304 viri
1136 4235 1293 4324 explicare

277 4333 419 4438 ”onena
472 4341 524 4410 Sit
553 4347 663 4436 igitur,
697 4349 816 4418 Sancto
841 4347 966 4438 Spiritu
992 4341 1181 4434 opitulante,
1208 4339 1296 4426 prin·

277 4437 383 4538 ciprum
413 4449 566 4516 narrandi
593 4453 679 4540 quod
707 4455 915 4544 cognovimus
945 4453 1093 4516 sanctum
1123 4445 1186 4510 Dei
1216 4443 1296 4530 Ecg·

279 4537 387 4604 mlum
408 4541 442 4608 in
463 4553 599 4640 antiquo
621 4563 768 4648 tempore
793 4559 902 4626 iecisse
924 4577 982 4644 per
1003 4553 1160 4620 virtutem
1185 4547 1256 4614 Dei.
