3308 5666
363 779 405 842 50
561 791 760 846 00000000
782 787 939 842 menum
961 791 1008 840 nr
1030 789 1198 846 erasnm.

216 977 306 1054 ,ΑΒ
364 997 441 1042 vero
477 977 642 1042 hominem
680 977 759 1064 quid
805 977 848 1040 sit
885 975 1034 1040 omnibus
1079 973 1286 1042 cernentibus
1323 995 1401 1040 voce

200 1045 481 1142 10424086’0101100
505 1103 635 1166 corpore
656 1083 771 1144 sanato
794 1077 970 1142 ostendere.
1028 1077 1129 1142 Unde
1154 1097 1248 1142 voces
1271 1081 1305 1142 et
1328 1097 1403 1142 can-

364 1181 438 1258 tica,
476 1181 607 1266 plausus
637 1187 671 1244 et
703 1179 900 1264 jubilamina
929 1179 999 1244 Deo
1022 1177 1206 1264 magnifice
1242 1177 1401 1258 libatur,

366 1283 432 1364 Qui
455 1301 475 1346 a
497 1283 615 1346 saeoulo
637 1283 715 1348 facit
737 1281 909 1348 mirabilia.

368 1605 417 1672 Dc
444 1601 636 1692 multiplici
669 1623 786 1692 900000
824 1601 1068 1690 languentium
1106 1607 1311 1670 cunctorum
1343 1625 1408 1692 per

685 1711 840 1772 0000000
863 1707 1078 1792 1309000000.

380 1923 382 1926 ,
413 1853 465 1938 De
497 1853 660 1924 miraculis
686 1853 791 1928 sancti
821 1853 969 1940 Eogwini
1000 1853 1105 1920 multa
1137 1853 1350 1940 inquirentes
1374 1859 1409 1920 et

371 1955 537 2042 superbis
567 1979 787 2046 saepenumero
818 1957 1035 2042 colloquentes
1058 1979 1149 2028 0010
1168 1957 1312 2042 personis
1345 1955 1410 2022 fide
1458 1955 1459 1958 '

371 2057 478 2144 dignis
502 2063 536 2122 et
559 2061 744 2130 veneranda
770 2059 919 2124 bonitate
943 2057 1119 2138 adornatis,
1137 2057 1173 2122 id
1197 2059 1410 2144 0000101011-

372 2161 434 2224 bus
457 2165 657 2246 compertum
683 2161 846 2232 memoriae
871 2159 1057 2230 studuimus
1081 2159 1238 2228 mandere
1269 2161 1355 2246 quod
1376 2163 1413 2230 in

374 2261 512 2348 antiquo
548 2267 692 2348 tempore
740 2267 818 2334 0010,
854 2261 1035 2332 adveutum
1073 2261 1341 2334 Normannorum
1380 2263 1416 2330 iu

377 2363 539 2450 Angliam,
571 2363 634 2434 Dei
668 2369 821 2452 operante
851 2363 1030 2454 clementia,
1062 2369 1158 2436 tanta
1188 2363 1416 2436 miraculorum

377 2465 562 2554 frequentia
576 2469 808 2540 monasterium
831 2465 935 2540 Sancti
950 2455 1015 2540 riri
1030 2465 1266 2546 illustrabatur,
1282 2471 1320 2530 ut
1343 2489 1416 2538 raro

380 2567 432 2634 die
462 2567 597 2640 sabbati.
620 2571 738 2644 solares
767 2569 876 2642 radios
911 2569 1088 2640 occuluerit
1118 2591 1182 2654 quo
1214 2591 1281 2636 non
1313 2567 1416 2654 quali-
1490 2559 1491 2562 ¹

302 2667 303 2670 '
381 2693 508 2756 cunque
538 2673 729 2744 infirmitate
762 2671 816 2742 001
845 2669 995 2744 molestis
1025 2671 1179 2740 detentus
1209 2675 1335 2756 gretan
1364 2693 1421 2762 per

383 2777 531 2844 sanctum
556 2773 748 2858 Ecgwinum
774 2773 934 2846 medelam
967 2771 1084 2858 aliquis
1115 2795 1200 2858 aeger
1230 2771 1419 2846 obtinuerit.

383 2873 518 2948 Videres
541 2877 730 2962 plerumque
757 2873 784 2944 si
815 2875 942 2946 adesses
968 2867 1194 2954 00000000,
1217 2897 1305 2944 nunc
1334 2875 1422 2952 duos,

377 2997 618 3068 ⁸nonnunquam
633 2977 742 3062 plures
752 2981 959 3062 aegrotantes,
980 2999 1076 3042 causa
1091 2977 1206 3044 salutis
1221 2977 1423 3052 adventasse,

385 3099 491 3148 coram
528 3077 631 3150 altare
668 3079 765 3148 modo
802 3077 960 3156 accedere,
991 3077 1086 3142 modo
1118 3077 1160 3142 ab
1190 3077 1264 3152 aliis
1301 3077 1425 3146 delatos
1475 3083 1479 3090 “

385 3179 504 3266 adesse,
528 3179 705 3268 interram
734 3179 892 3258 volutare,
916 3201 1031 3266 preces
1063 3179 1236 3260 effundere,
1267 3179 1426 3270 gemitum

386 3281 541 3362 emittere,
572 3281 609 3346 in
646 3303 813 3348 commune
845 3269 984 3348 salutem
1014 3305 1148 3368 sperare.
1211 3281 1282 3352 Hos
1320 3303 1427 3360 caecos,

335 3375 336 3380 ¹
386 3383 458 3448 11100
481 3407 557 3448 vero
581 3385 719 3464 claudos,
743 3383 900 3470 quosdam
926 3383 1048 3462 surdoe,
1073 3383 1152 3448 01100
1176 3389 1287 3448 autem
1311 3389 1427 3462 mutos,
1457 3431 1461 3446 .

388 3487 562 3552 nonnullos
594 3485 735 3574 leprosos
765 3487 845 3572 sive
875 3485 1070 3572 paralyticos
1096 3485 1150 3550 vel
1178 3485 1329 3550 molestia
1352 3485 1429 3550 ferri

389 3587 545 3666 astrictos,
569 3593 628 3652 aut
644 3589 789 3674 qualibet
812 3587 877 3652 alia
898 3587 1092 3652 infirmitate
1115 3587 1266 3664 obsessos,
1288 3609 1431 3652 cerneres

391 3689 509 3756 adesse.
554 3689 755 3758 Daemoniaci
771 3689 897 3758 veroin
908 3695 977 3754 tam
992 3689 1175 3758 miseranda
1187 3689 1431 3776 conglobatione

393 3813 459 3856 non
475 3791 610 3858 defuere.
656 3791 778 3858 Verum
793 3791 830 3860 in
844 3791 905 3860 tali
920 3813 1020 3858 cuneo
1031 3813 1116 3876 saepe
1130 3789 1237 3876 gratia
1252 3791 1364 3862 divina
1377 3809 1433 3876 per

394 3893 498 3960 saneti
521 3893 670 3980 Ecgwini
685 3893 803 3964 merita
824 3893 941 3970 adosse,
969 3915 1066 3958 caeoos
1088 3893 1281 3976 illuminare,
1305 3893 1434 3960 claudos

397 3995 525 4082 erigere,
551 3997 655 4062 surdis
685 3995 837 4064 auditum
868 3995 1009 4074 reddere,
1034 3995 1134 4066 mutis
1164 3995 1311 4082 linguam
1341 3995 1435 4062 resti·

396 4103 496 4180 tuere,
520 4099 662 4186 leprosos
685 4097 850 4174 mundare·
875 4097 1071 4184 paralyticos
1094 4121 1218 4176 sanare,
1241 4103 1435 4184 caeterosque

398 4205 593 4288 egrotantes
621 4223 687 4268 non
725 4199 895 4268 differebat
925 4221 1046 4278 curare,
1083 4199 1191 4286 plures
1223 4199 1323 4268 etiam
1353 4199 1436 4266 ferro

398 4325 456 4390 pro
494 4303 667 4370 criminum
707 4301 886 4370 'abolitione
929 4301 1074 4388 graviter
1110 4301 1278 4374 devinctos
1314 4303 1438 4374 meritis

403 4409 507 4472 sancti
527 4405 675 4492 Eogwini
690 4403 882 4472 mirabiliter
895 4403 1041 4474 liberare.
1085 4405 1174 4476 Nam
1189 4427 1290 4490 qumn
1306 4405 1438 4492 quidam

395 4509 593 4596 -bujuemodi
618 4511 765 4596 passione
794 4529 923 4594 pressus
946 4507 988 4574 ud
1018 4507 1124 4574 sancti
1154 4507 1309 4592 Ecgwini
1332 4511 1441 4594 patro-

407 4609 528 4676 cinium
551 4613 772 4700 expetendum
794 4631 828 4676 se
851 4611 968 4676 devote
992 4611 1172 4690 obtulisset,
1190 4615 1225 4680 et
1247 4611 1330 4684 circa
1352 4631 1443 4684 0000-

408 4719 518 4786 torum
554 4717 742 4784 memoriam
773 4715 980 4802 frequentius
1010 4713 1170 4790 incubans
1199 4715 1263 4788 Dei
1295 4721 1331 4784 et
1363 4715 1442 4800 Ejus
