3300 5666
341 813 391 876 564
541 827 742 876 cunoruoos
761 825 917 878 launum
941 827 987 878 nn
1011 827 1184 878 nvnsusu..
1341 847 1343 858 ·

218 1025 286 1076 ΑΛ).
344 1013 431 1080 inter
453 1015 584 1080 oaeteros
606 1013 774 1078 humiliter
797 1013 936 1098 accessit,
959 1015 1068 1078 ternas
1091 1013 1253 1092 orationes
1276 1035 1383 1078 coram

181 1095 333 1146 ¹⁰⁷⁷'¹⁰⁸⁸'
347 1117 469 1182 cunctis
499 1115 708 1180 devotissime
741 1115 923 1202 complevit,
952 1119 985 1178 et
1019 1137 1076 1200 per
1105 1115 1248 1200 singulas
1277 1137 1385 1200 preces

289 1277 291 1280 .
346 1209 479 1282 mannrn
502 1217 544 1280 ad
566 1207 764 1302 marsupium
794 1217 929 1282 mittens
951 1215 1090 1302 indeque
1113 1217 1275 1302 triplicem
1297 1217 1386 1280 obla-

347 1319 470 1384 tionem
504 1339 642 1396 sumens,
666 1325 787 1382 sancto
802 1317 865 1384 Dei
898 1317 1039 1382 fideliter
1071 1307 1203 1384 obtulit.
1262 1319 1385 1382 Verum

182 1423 320 1474 Athidat
347 1421 503 1504 antiquus
536 1419 637 1484 hostis
674 1419 866 1484 haudtalla
887 1439 1024 1504 passus:
1061 1419 1224 1502 quendam
1246 1441 1287 1482 ex
1310 1419 1385 1496 suis,

179 1491 286 1608 ssffil
347 1523 404 1610 qui
425 1521 478 1586 uti
510 1521 720 1606 paleainter
740 1519 888 1586 triticum
911 1521 1032 1598 aderat,
1057 1521 1186 1586 ardenti
1208 1513 1387 1606 cupiditate

182 1625 264 1688 lously
347 1623 590 1708 instigavitut
611 1621 700 1690 fideli
728 1623 800 1706 uiro
830 1625 867 1686 iu
896 1623 993 1688 sacris
1024 1623 1225 1688 orationibus
1258 1623 1387 1688 intento

184 1689 299 1742 detectos
348 1725 547 1792 clandestino
572 1711 737 1790 damnum
752 1723 894 1790 inferret.
915 1763 917 1766 -
941 1723 969 1790 O
992 1723 1076 1788 mira
1097 1723 1245 1792 insaniat
1274 1725 1386 1792 Omni-

348 1827 409 1892 bus
431 1825 497 1890 fero
520 1825 563 1890 ad
585 1847 726 1912 superna
747 1825 892 1904 intentis,
911 1827 980 1910 ipse
1002 1823 1125 1904 infelix,
1146 1829 1186 1890 ut
1208 1827 1388 1892 membrum

334 1929 479 2010 diaboli,
511 1949 608 2014 prope
631 1929 738 1994 virum
770 1929 985 2014 approximat,
1010 1931 1053 1992 et.
1075 1927 1115 1992 de
1137 1925 1206 2012 ejus
1228 1929 1389 2012 marsupio

350 2031 498 2096 denarios
532 2035 613 2116 quot
645 2031 801 2118 praevalet
834 2029 975 2094 latenter
1012 2021 1190 2096 abstrahit(
1235 2029 1391 2114 Duplicat

351 2133 511 2198 nefarium
545 2153 633 2216 opus,
668 2137 702 2196 et
725 2119 936 2196 'identidem'
952 2131 1053 2204 tertio
1090 2131 1253 2196 instaurat
1286 2131 1390 2198 simile

352 2233 504 2304 facinus„
540 2231 604 2296 Sed
626 2237 759 2298 sanctus
781 2231 958 2318 Ecgwinus
980 2253 1047 2294 non
1070 2231 1128 2296 diu
1150 2231 1280 2296 distulit
1301 2231 1392 2296 dam-

306 2399 307 2402 ,
351 2357 429 2400 nare
444 2333 585 2400 furantis
599 2355 723 2400 manus.
773 2333 860 2398 Nam
876 2355 976 2420 quum
997 2333 1113 2400 infelix
1136 2335 1235 2400 tertio
1257 2357 1389 2414 manum
1440 2411 1442 2414 Ι

352 2435 516 2520 injecisset
538 2435 709 2522 marsupi0,
743 2435 873 2522 exaruit
906 2435 1069 2514 continue,
1094 2441 1128 2500 et
1157 2435 1261 2510 veluti
1284 2435 1392 2500 clausa

352 2543 483 2604 retenta
505 2537 612 2602 estin
635 2537 749 2604 eodem
771 2537 882 2602 loculo
929 2537 1064 2600 Videres
1087 2537 1191 2602 furem
1220 2537 1392 2622 trepidare,

300 2667 301 2670 ¹
353 2641 532 2726 pallescere,
555 2639 660 2712 veluti
683 2639 867 2704 dementem
896 2639 1004 2706 oculos
1034 2639 1268 2724 circumjacere,
1292 2641 1393 2704 omni-

354 2743 458 2808 modis
480 2745 617 2806 rnortern
640 2729 823 2828 suspectam
844 2741 972 2806 habere.
1026 2741 1171 2806 Tandem
1194 2763 1323 2806 causam
1345 2743 1394 2806 in-

355 2845 540 2930 telligentes
575 2843 630 2930 qui
661 2843 805 2922 aderant,
838 2843 942 2908 furem
972 2843 1248 2932 comprehendere,
1272 2843 1394 2914 facturn

356 2947 476 3026 mirari,
493 2951 641 3010 sanctum
663 2945 726 3010 Dei
749 2945 881 3012 sublimi
904 2967 980 3010 voce
1004 2945 1194 3026 collaudare,
1218 2953 1395 3032 coeperunt.

358 3045 414 3116 Fit
446 3047 578 3134 plausus
610 3041 867 3134 circumquaque,
902 3047 1053 3132 judicant
1084 3047 1191 3112 furem
1223 3047 1394 3114 interitum

356 3149 412 3230 ire,
437 3173 479 3216 ex
509 3155 635 3214 statuto
658 3155 827 3214 maturant
848 3149 1008 3236 perficere.
1069 3149 1221 3216 Monaolu'
1247 3173 1324 3216 vero
1348 3173 1393 3216 re-

256 3339 257 3342 *
357 3251 477 3336 liquias
511 3251 615 3318 sancti
644 3271 751 3318 secum
782 3251 960 3316 deferentes
991 3273 1058 3316 nou
1079 3243 1169 3338 prius
1192 3253 1355 3318 desistunt
1377 3277 1398 3318 a

358 3353 508 3438 precibus
547 3377 654 3440 quarn,
692 3353 855 3438 adjutorio
894 3355 999 3418 sancti
1036 3355 1194 3440 Ecgwini,
1238 3355 1398 3420 instantia

359 3477 490 3542 precum
514 3457 650 3520 vincunt
676 3455 827 3540 judicum
850 3459 1023 3522 statutum.
1080 3455 1197 3542 Sisque
1217 3459 1254 3520 in
1275 3479 1398 3522 unare

360 3557 524 3644 duplicem
553 3557 796 3644 ¹benignitatem
834 3579 893 3644 per
932 3563 1084 3624 sanctum
1121 3579 1217 3624 suurn
1256 3559 1399 3624 ostendit

362 3659 586 3746 Omnipotens,
609 3683 711 3748 quum
734 3665 767 3724 et
790 3681 920 3726 servum
944 3681 1039 3724 suurn
1062 3659 1102 3724 de
1124 3661 1221 3742 furto,
1238 3665 1272 3726 et
1295 3659 1398 3726 furem

306 3823 309 3834 ,
362 3763 611 3832 misericorditer
632 3763 786 3830 liberavit
808 3763 848 3828 de
870 3763 986 3830 mortis
1010 3761 1153 3830 articulo

648 4053 697 4116 Dc
712 4051 860 4138 quodam
869 4073 976 4138 pacoro
992 4059 1132 4126 coacto.¹

410 4193 560 4278 Plerique
575 4193 721 4258 fidelium
744 4193 888 4258 virorum
911 4193 1082 4258 audientes
1104 4193 1223 4258 famam
1240 4191 1402 4260 virtutum

366 4295 472 4362 sancti
495 4295 653 4382 Ecgwini,
674 4295 711 4358 111
726 4295 838 4386 seipsis
862 4299 942 4360 sunt
964 4297 1104 4382 experti
1117 4317 1214 4382 quam
1235 4295 1403 4382 proximus

367 4397 435 4462 Deo
459 4401 492 4462 et
515 4419 613 4484 quam
637 4397 752 4460 efficax
776 4397 906 4482 adjutor
936 4419 970 4462 se
999 4397 1035 4460 in
1064 4397 1255 4462 necessitate
1287 4397 1403 4462 devote

367 4499 596 4564 invocantibus
619 4497 735 4564 beatus
758 4499 809 4562 vir
830 4499 999 4566 habeatur.
1028 4499 1132 4562 ‘Nam
1148 4497 1289 4582 quidam
1302 4499 1403 4578 dives,

364 4597 429 4682 lvo
473 4601 587 4680 dictus,
617 4601 712 4666 homo
743 4599 893 4684 Hugonis
928 4601 968 4664 de
999 4591 1266 4674 Grantemainilo,
1302 4621 1404 4684 quum

369 4721 446 4768 suus
467 4701 555 4766 filius
576 4701 768 4786 gravissima
795 4701 989 4772 infirmitate
1019 4701 1170 4772 decoctus
1199 4703 1236 4766 in
1265 4701 1404 4772 articulo
