3308 5666
699 675 884 734 1111111111.
957 681 958 684 ’
1149 675 1150 678 ’
1248 661 1313 732 319

266 875 377 954 posset
399 871 487 956 quod
509 871 617 936 virtus
642 871 749 944 sancti
770 865 942 934 immobile
973 867 1185 934 reddiderat?
1229 867 1315 932 Tan-
1370 875 1439 928 A.D.

198 987 201 1002 ⁴
269 973 344 1042 dem
373 975 523 1040 custodes
554 973 661 1038 sancti
695 951 920 1058 intelligentes
953 993 1020 1036 non
1043 993 1112 1036 esse
1134 945 1475 1034 voluntatis¹⁰⁷⁷⁴⁰³⁵¹

268 1075 372 1160 ipsius
406 1081 444 1142 ut
475 1077 512 1140 in
542 1077 604 1142 tali
635 1077 705 1142 loco
739 1079 937 1161 portaretur,
961 1073 1145 1142 intentione
1177 1077 1314 1152 mutata,

269 1185 344 1262 post
359 1179 601 1264 aliquantulum
624 1179 708 1246 lucri
731 1179 865 1242 domum
888 1177 1043 1264 repedare
1064 1175 1314 1242 festinaverunt.

229 1271 231 1276 ’
271 1279 381 1360 Quum
398 1301 473 1366 ergo
496 1281 539 1344 ad
560 1281 716 1364 reliquias
739 1279 847 1346 sancti
862 1279 1054 1344 deferendas
1068 1281 1208 1346 ventum
1222 1281 1314 1356 esset,

268 1383 387 1446 mirum
411 1381 447 1446 in
470 1381 604 1446 modum
627 1385 698 1448 tarn
719 1379 810 1446 sacili
840 1387 934 1446 motu
967 1383 1125 1450 feretrum
1148 1381 1217 1466 ejus
1239 1379 1314 1444 sub-

267 1485 375 1548 latum
397 1485 448 1548 cst
470 1487 509 1548 ut
531 1481 661 1568 pondus
683 1481 888 1568 inibipcene
920 1485 1049 1550 nullum
1080 1487 1185 1550 inesse
1213 1483 1314 1548 senti-

266 1591 342 1652 rent
376 1585 589 1650 devehentes:
652 1583 759 1650 Unde·
773 1585 890 1650 datur¹¹
903 1587 1045 1674 intelligi
1077 1587 1185 1654 locum
1211 1587 1314 1652 Eous,-

268 1689 471 1756 shamensem
505 1687 593 1754 hunc
625 1691 775 1782 sanctum
799 1687 887 1756 dulci
919 1689 1039 1754 affectu
1071 1689 1235 1774 amplecti,
1257 1689 1314 1774 qui
1429 1713 1432 1726 ’

184 1785 185 1788 '
267 1813 326 1856 nec
359 1791 402 1854 ad
432 1789 561 1854 horam.
582 1789 711 1874 patitur
742 1789 785 1856 ab
801 1797 802 1800 ’
818 1789 881 1858 hac
906 1789 1043 1860 ccclesia
1072 1791 1139 1860 nisi
1169 1791 1315 1860 maxima

266 1893 461 1958 necessitate
483 1897 621 1978 cogente
644 1891 769 1980 deesse.¹
820 1891 1004 1960 Reuehitur
1037 1893 1150 1978 itaque
1183 1897 1315 1962 sanctus

268 1995 407 2060 Odmfue
434 1995 478 2064 ad
509 1995 663 2064 dilectam
696 1997 730 2058 et
763 1993 899 2062 electam
923 1995 997 2062 ‚siti
1031 1995 1217 2076 ecclesiam’,
1240 2019 1315 2060 nar·-

266 2099 384 2164 rantur
407 2097 477 2182 ejus
500 2097 675 2184 magnifica
689 2119 697 2174 ;
719 2097 872 2180 gaudent
887 2097 1035 2186 uniuersi
1048 2097 1131 2164 talia
1145 2097 1315 2186 audientes

268 2199 456 2288 magnaliat
492 2199 700 2280 benedicitur
732 2197 825 2268 Deus
863 2201 951 2270 solus
984 2199 1107 2280 faciens
1144 2199 1315 2280 mirabilia,

228 2367 230 2370 .
269 2301 334 2382 Qui
356 2301 444 2368 vivit
469 2305 503 2364 et
521 2305 646 2388 regnat
668 2323 726 2386 per
749 2301 861 2368 onmia
883 2303 1018 2370 saectda:
1043 2303 1159 2370 Amen.
1201 2323 1202 2326 ¹
1241 2389 1242 2392 Ἴ

555 2667 556 2672 ¹
584 2591 635 2656 De
657 2589 805 2676 quodam
827 2591 994 2660 tentante.

196 2751 210 2780 ‘¹
311 2739 378 2810 Sed
400 2755 459 2808 nee
473 2741 564 2832 willud
585 2739 912 2826 praetermittendum
932 2743 1020 2828 quod
1050 2741 1087 2804 ‘m
1108 2735 1314 2810 solemnitate
1359 2729 1435 2820 'An

266 2855 335 2912 sua
356 2845 437 2910 felix
452 2863 453 2866 ’
466 2853 507 2910 'ac
537 2845 612 2931 pius
647 2843 789 2910 Odulfus
819 2847 1005 2930 exequutus
1030 2849 1080 2912 est
1109 2845 1310 2912 miraculum.
1325 2839 1475 2888 ¹⁰⁹⁶·1122·

266 2947 482 3035 Temporibus
507 2947 634 3018 domini
656 2947 807 3038 Mauritii
830 2949 960 3038 abbatis
983 2949 1095 3014 evenit
1116 2951 1156 3012 ut
1178 2949 1311 3034 quidam
1411 2949 1412 2952 ’

265 3039 410 3118 serviens
432 3043 594 3136 praeoepto
618 3041 766 3136 magistri
789 3049 900 3130 suiin
919 3051 1146 3135 ¹superioribus
1161 3051 1311 3120 'ecclesiae

263 3155 343 3222 locis
365 3153 561 3232 ascenderet,
586 3157 626 3216 ut
657 3153 816 3240 cortinam
848 3141 1032 3218 inhonore
1063 3153 1169 3218 sancti
1199 3153 1311 3220 Odulfi

263 3279 454 3344 suspensam
477 3259 592 3324 contra
614 3255 750 3348 solitum
773 3275 897 3322 morem
919 3255 990 3340 ipsa
1013 3255 1065 3320 die
1093 3255 1310 3322 solemnitatis
1420 3293 1421 3296 ¹

263 3357 449 3448 deponeret,
465 3363 499 3422 et
514 3357 800 3442 quemadmodum·
804 3347 933 3440 jussum
949 3357 1013 3422 sibi
1027 3357 1135 3422 fuerat
1150 3359 1310 3426 ministris

263 3467 387 3528 sanctae
410 3459 591 3546 AEdburgae
617 3479 690 3524 eam
713 3457 955 3542 requirentibus
977 3461 1230 3528 commendaret.
1268 3463 1310 3528 Id

263 3567 343 3630 dum
375 3567 495 3650 ageret,
527 3563 612 3626 siout
644 3581 760 3632 revera
794 3559 858 3625 sibi
887 3561 996 3626 visum
1025 3561 1142 3642 fuerat,
1173 3563 1265 3632 uelut
1290 3587 1311 3628 a

263 3669 407 3756 quodam
428 3663 589 3750 impulsus
603 3653 658 3738 uel
680 3663 913 3748 praecipitatus,
928 3663 978 3730 ita
1000 3667 1089 3730 ultra
1103 3665 1257 3752 reliquias
1275 3671 1310 3732 et

262 3791 420 3858 magnum
453 3765 555 3832 altare
577 3779 675 3852 super
695 3765 816 3852 gradus
838 3767 993 3834 atrociter
1014 3769 1131 3834 cecidit
1153 3775 1193 3834 ut
1215 3769 1310 3834 illum

263 3893 375 3938 omnes
398 3869 454 3956 qui
476 3873 653 3954 presentes
683 3873 779 3932 erant
810 3869 995 3936 extinctum
1025 3877 1190 3958 putarent.
1244 3873 1310 3938 Ob.

202 4059 204 4064 ,
263 3981 417 4062 stupuere
439 3971 595 4050 universi,
608 3969 743 4056 singuli
762 3991 883 4036 nomen
904 3975 1009 4038 sancti
1025 3975 1138 4040 odulfi
1159 3977 1310 4044 invocare

263 4097 397 4164 coepere,
422 4095 525 4160 quum
544 4077 631 4138 eece!
654 4071 771 4136 vident
790 4073 1200 4158 praedictumservientcm
1216 4083 1309 4166 quasi

211 4251 212 4254 ,
263 4183 305 4246 de
338 4177 433 4266 gravi
465 4191 577 4242 somno
609 4175 750 4240 illaesum
779 4197 951 4262 exsurgere
973 4185 1008 4244 et
1037 4179 1122 4244 nihil
1151 4183 1231 4248 mali
1252 4185 1309 4250 ha
1392 4223 1394 4226 -

263 4283 399 4348 bentem
421 4279 456 4344 in
488 4279 596 4344 medio
619 4299 732 4344 eorum
763 4281 838 4342 cum
869 4279 1087 4348 admiratione
1118 4291 1308 4352 cunctorum

262 4389 384 4486 astare.
428 4381 624 4448 Tenduntur
640 4381 745 4466 igitur
759 4381 803 4444 ad
825 4381 944 4448 coelum
957 4405 1083 4464 manus,
1101 4387 1310 4458 benedicitur

266 4485 426 4554 mirabilis
449 4485 540 4578 Deus
560 4485 630 4566 ⁴Qui
651 4485 688 4548 in
710 4485 832 4552 sanctis
854 4493 888 4554 et
908 4467 968 4572 per
989 4495 1118 4558 sanctos
1133 4487 1218 4560 Suos
1238 4497 1308 4584 glo·

263 4589 412 4656 rificatnr
432 4609 491 4674 per
512 4591 632 4654 cuncta
653 4587 789 4654 saecula':
812 4589 929 4660 Amen,
957 4667 960 4672 1
