<?xml version="1.0" encoding="UTF-8"?>
<!DOCTYPE html PUBLIC "-//W3C//DTD XHTML 1.0 Transitional//EN"
    "http://www.w3.org/TR/xhtml1/DTD/xhtml1-transitional.dtd">
<html xmlns="http://www.w3.org/1999/xhtml" xml:lang="en" lang="en">
 <head>
  <title>
</title>
<meta http-equiv="Content-Type" content="text/html;charset=utf-8" />
  <meta name='ocr-system' content='tesseract 3.04.00' />
  <meta name='ocr-capabilities' content='ocr_page ocr_carea ocr_par ocr_line ocrx_word'/>
</head>
<body>
  <div class='ocr_page' id='page_1' title='image "./chroniconabbati01marlgoog/chroniconabbati01marlgoog_0349.png"; bbox 0 0 3308 5666; ppageno 0'>
   <div class='ocr_carea' id='block_1_1' title="bbox 458 691 1299 764">
    <p class='ocr_par' dir='ltr' id='par_1_1' title="bbox 458 691 1299 764">
     <span class='ocr_line' id='line_1_1' title="bbox 458 691 1299 764; baseline 0 -12"><span class='ocrx_word' id='word_1_1' title='bbox 458 705 660 764; x_wconf 77' lang='lat' dir='ltr'>onnomcor</span> <span class='ocrx_word' id='word_1_2' title='bbox 683 701 840 752; x_wconf 73' lang='lat' dir='ltr'>annana</span> <span class='ocrx_word' id='word_1_3' title='bbox 863 705 909 752; x_wconf 85' lang='lat' dir='ltr'>nn</span> <span class='ocrx_word' id='word_1_4' title='bbox 933 703 1101 754; x_wconf 75' lang='lat' dir='ltr'>nvnsnrn.</span> <span class='ocrx_word' id='word_1_5' title='bbox 1237 691 1299 754; x_wconf 79' lang='lat'>291</span> 
     </span>
    </p>
   </div>
   <div class='ocr_carea' id='block_1_2' title="bbox 209 861 1466 4344">
    <p class='ocr_par' dir='ltr' id='par_1_2' title="bbox 257 861 1466 1576">
     <span class='ocr_line' id='line_1_2' title="bbox 262 861 1428 960; baseline -0.005 -22"><span class='ocrx_word' id='word_1_6' title='bbox 262 879 362 960; x_wconf 91' lang='lat' dir='ltr'>petuo</span> <span class='ocrx_word' id='word_1_7' title='bbox 386 873 607 942; x_wconf 78' lang='lat' dir='ltr'>obtinendam,</span> <span class='ocrx_word' id='word_1_8' title='bbox 653 873 740 938; x_wconf 91' lang='lat' dir='ltr'>Item</span> <span class='ocrx_word' id='word_1_9' title='bbox 764 873 931 940; x_wconf 88' lang='lat' dir='ltr'>ecclesiam</span> <span class='ocrx_word' id='word_1_10' title='bbox 956 873 995 936; x_wconf 92' lang='lat' dir='ltr'>de</span> <span class='ocrx_word' id='word_1_11' title='bbox 1019 871 1189 956; x_wconf 86' lang='lat' dir='ltr'>Baddeby,</span> <span class='ocrx_word' id='word_1_12' title='bbox 1224 861 1302 936; x_wconf 80' lang='lat' dir='ltr'>Lin·</span> <span class='ocrx_word' id='word_1_13' title='bbox 1359 879 1428 932; x_wconf 72' lang='lat' dir='ltr'>al).</span> 
     </span>
     <span class='ocr_line' id='line_1_3' title="bbox 261 951 1466 1064; baseline 0.002 -24"><span class='ocrx_word' id='word_1_14' title='bbox 261 975 431 1042; x_wconf 89' lang='lat' dir='ltr'>colniensis</span> <span class='ocrx_word' id='word_1_15' title='bbox 455 975 621 1056; x_wconf 88' lang='lat' dir='ltr'>dioecesis,1</span> <span class='ocrx_word' id='word_1_16' title='bbox 645 999 703 1064; x_wconf 91' lang='lat' dir='ltr'>pro</span> <span class='ocrx_word' id='word_1_17' title='bbox 725 981 887 1064; x_wconf 83' lang='lat' dir='ltr'>perpetuo-</span> <span class='ocrx_word' id='word_1_18' title='bbox 904 975 1140 1064; x_wconf 89' lang='lat' dir='ltr'>possidendam.</span> <span class='ocrx_word' id='word_1_19' title='bbox 1186 975 1305 1042; x_wconf 88' lang='lat' dir='ltr'>Postea</span> <span class='ocrx_word' id='word_1_20' title='bbox 1318 951 1466 1000; x_wconf 59' lang='lat'>¹³¹⁷&#39;¹³⁴³⁴</span> 
     </span>
     <span class='ocr_line' id='line_1_4' title="bbox 262 1077 1303 1170; baseline -0.002 -26"><span class='ocrx_word' id='word_1_21' title='bbox 262 1101 339 1170; x_wconf 86' lang='lat' dir='ltr'>vero</span> <span class='ocrx_word' id='word_1_22' title='bbox 361 1079 423 1146; x_wconf 90' lang='lat' dir='ltr'>iste</span> <span class='ocrx_word' id='word_1_23' title='bbox 446 1079 534 1146; x_wconf 91' lang='lat' dir='ltr'>idem</span> <span class='ocrx_word' id='word_1_24' title='bbox 556 1081 657 1146; x_wconf 88' lang='lat' dir='ltr'>abbas</span> <span class='ocrx_word' id='word_1_25' title='bbox 689 1081 870 1166; x_wconf 70' lang='lat' dir='ltr'>assignavit</span> <span class='ocrx_word' id='word_1_26' title='bbox 893 1085 926 1150; x_wconf 91' lang='lat' dir='ltr'>et</span> <span class='ocrx_word' id='word_1_27' title='bbox 949 1079 1104 1146; x_wconf 75' lang='lat' dir='ltr'>concessit</span> <span class='ocrx_word' id='word_1_28' title='bbox 1136 1077 1236 1164; x_wconf 81' lang='lat' dir='ltr'>priori</span> <span class='ocrx_word' id='word_1_29' title='bbox 1271 1083 1303 1144; x_wconf 90' lang='lat' dir='ltr'>et</span> 
     </span>
     <span class='ocr_line' id='line_1_5' title="bbox 262 1181 1304 1268; baseline -0.002 -20"><span class='ocrx_word' id='word_1_30' title='bbox 262 1181 437 1248; x_wconf 91' lang='lat' dir='ltr'>conventui</span> <span class='ocrx_word' id='word_1_31' title='bbox 480 1183 576 1248; x_wconf 87' lang='lat' dir='ltr'>istius</span> <span class='ocrx_word' id='word_1_32' title='bbox 609 1181 750 1248; x_wconf 84' lang='lat' dir='ltr'>ecclesiae</span> <span class='ocrx_word' id='word_1_33' title='bbox 796 1181 990 1268; x_wconf 84' lang='lat' dir='ltr'>praedictam</span> <span class='ocrx_word' id='word_1_34' title='bbox 1043 1181 1210 1250; x_wconf 90' lang='lat' dir='ltr'>ecclesiam</span> <span class='ocrx_word' id='word_1_35' title='bbox 1265 1183 1304 1246; x_wconf 93' lang='lat' dir='ltr'>de</span> 
     </span>
     <span class='ocr_line' id='line_1_6' title="bbox 263 1281 1308 1370; baseline 0 -22"><span class='ocrx_word' id='word_1_36' title='bbox 263 1283 455 1370; x_wconf 82' lang='lat' dir='ltr'>Ambresley</span> <span class='ocrx_word' id='word_1_37' title='bbox 491 1285 733 1370; x_wconf 84' lang='lat' dir='ltr'>imperpetuum</span> <span class='ocrx_word' id='word_1_38' title='bbox 756 1311 757 1316; x_wconf 46' lang='lat'>¹</span> <span class='ocrx_word' id='word_1_39' title='bbox 778 1305 853 1348; x_wconf 91' lang='lat' dir='ltr'>cum</span> <span class='ocrx_word' id='word_1_40' title='bbox 893 1287 1044 1350; x_wconf 89' lang='lat' dir='ltr'>omnibus</span> <span class='ocrx_word' id='word_1_41' title='bbox 1077 1285 1144 1350; x_wconf 86' lang='lat' dir='ltr'>suis</span> <span class='ocrx_word' id='word_1_42' title='bbox 1176 1281 1308 1368; x_wconf 86' lang='lat' dir='ltr'>juribus</span> 
     </span>
     <span class='ocr_line' id='line_1_7' title="bbox 262 1385 1308 1474; baseline 0.002 -24"><span class='ocrx_word' id='word_1_43' title='bbox 262 1391 298 1450; x_wconf 89' lang='lat' dir='ltr'>et</span> <span class='ocrx_word' id='word_1_44' title='bbox 348 1385 559 1474; x_wconf 90' lang='lat' dir='ltr'>pertinentiis</span> <span class='ocrx_word' id='word_1_45' title='bbox 616 1385 789 1464; x_wconf 87' lang='lat' dir='ltr'>universis,</span> <span class='ocrx_word' id='word_1_46' title='bbox 835 1385 877 1450; x_wconf 94' lang='lat' dir='ltr'>ad</span> <span class='ocrx_word' id='word_1_47' title='bbox 916 1389 1061 1474; x_wconf 88' lang='lat' dir='ltr'>ipsorum</span> <span class='ocrx_word' id='word_1_48' title='bbox 1112 1387 1308 1472; x_wconf 89' lang='lat' dir='ltr'>indigentiae</span> 
     </span>
     <span class='ocr_line' id='line_1_8' title="bbox 257 1487 1308 1576; baseline 0.004 -28"><span class='ocrx_word' id='word_1_49' title='bbox 257 1489 452 1566; x_wconf 76' lang='lat' dir='ltr'>relevamen,</span> <span class='ocrx_word' id='word_1_50' title='bbox 475 1493 508 1552; x_wconf 90' lang='lat' dir='ltr'>et</span> <span class='ocrx_word' id='word_1_51' title='bbox 531 1509 635 1552; x_wconf 84' lang='lat' dir='ltr'>snam</span> <span class='ocrx_word' id='word_1_52' title='bbox 646 1487 835 1576; x_wconf 87' lang='lat' dir='ltr'>pensionem</span> <span class='ocrx_word' id='word_1_53' title='bbox 857 1489 903 1552; x_wconf 90' lang='lat' dir='ltr'>eis</span> <span class='ocrx_word' id='word_1_54' title='bbox 925 1491 967 1554; x_wconf 98' lang='lat' dir='ltr'>ab</span> <span class='ocrx_word' id='word_1_55' title='bbox 990 1491 1128 1576; x_wconf 90' lang='lat' dir='ltr'>antiquo</span> <span class='ocrx_word' id='word_1_56' title='bbox 1151 1491 1191 1554; x_wconf 96' lang='lat' dir='ltr'>de</span> <span class='ocrx_word' id='word_1_57' title='bbox 1220 1489 1308 1554; x_wconf 87' lang='lat' dir='ltr'>dicta</span> 
     </span>
    </p>

    <p class='ocr_par' dir='ltr' id='par_1_3' title="bbox 209 1589 1418 3522">
     <span class='ocr_line' id='line_1_9' title="bbox 209 1589 1308 1668; baseline 0 -14"><span class='ocrx_word' id='word_1_58' title='bbox 209 1663 210 1666; x_wconf 8' lang='grc' dir='ltr'><strong>Ἴ</strong></span> <span class='ocrx_word' id='word_1_59' title='bbox 262 1591 398 1668; x_wconf 87' lang='lat' dir='ltr'>ecclesia</span> <span class='ocrx_word' id='word_1_60' title='bbox 425 1589 580 1668; x_wconf 75' lang='lat' dir='ltr'>debitam,</span> <span class='ocrx_word' id='word_1_61' title='bbox 620 1589 784 1656; x_wconf 88' lang='lat' dir='ltr'>videlicet</span> <span class='ocrx_word' id='word_1_62' title='bbox 812 1591 969 1656; x_wconf 83' lang='lat' dir='ltr'>tredecim</span> <span class='ocrx_word' id='word_1_63' title='bbox 1002 1593 1103 1658; x_wconf 90' lang='lat' dir='ltr'>libras</span> <span class='ocrx_word' id='word_1_64' title='bbox 1136 1593 1308 1660; x_wconf 87' lang='lat' dir='ltr'>annuatim</span> 
     </span>
     <span class='ocr_line' id='line_1_10' title="bbox 262 1693 1307 1782; baseline 0 -24"><span class='ocrx_word' id='word_1_65' title='bbox 262 1693 399 1782; x_wconf 87' lang='lat' dir='ltr'>argenti,</span> <span class='ocrx_word' id='word_1_66' title='bbox 423 1693 493 1758; x_wconf 90' lang='lat' dir='ltr'>sine</span> <span class='ocrx_word' id='word_1_67' title='bbox 516 1693 709 1758; x_wconf 89' lang='lat' dir='ltr'>difficultate</span> <span class='ocrx_word' id='word_1_68' title='bbox 724 1693 938 1758; x_wconf 90' lang='lat' dir='ltr'>obtinendam</span> <span class='ocrx_word' id='word_1_69' title='bbox 953 1701 986 1760; x_wconf 90' lang='lat' dir='ltr'>et</span> <span class='ocrx_word' id='word_1_70' title='bbox 1003 1695 1181 1760; x_wconf 89' lang='lat' dir='ltr'>secundum</span> <span class='ocrx_word' id='word_1_71' title='bbox 1196 1717 1307 1776; x_wconf 83' lang='lat' dir='ltr'>eornm</span> 
     </span>
     <span class='ocr_line' id='line_1_11' title="bbox 262 1795 1307 1884; baseline -0.001 -23"><span class='ocrx_word' id='word_1_72' title='bbox 262 1797 501 1862; x_wconf 85' lang='lat' dir='ltr'>ordinationem</span> <span class='ocrx_word' id='word_1_73' title='bbox 526 1797 636 1882; x_wconf 89' lang='lat' dir='ltr'>(prout</span> <span class='ocrx_word' id='word_1_74' title='bbox 666 1795 783 1860; x_wconf 90' lang='lat' dir='ltr'>melius</span> <span class='ocrx_word' id='word_1_75' title='bbox 806 1795 965 1884; x_wconf 89' lang='lat' dir='ltr'>viderint)</span> <span class='ocrx_word' id='word_1_76' title='bbox 999 1797 1088 1862; x_wconf 86' lang='lat' dir='ltr'>int&#39;er</span> <span class='ocrx_word' id='word_1_77' title='bbox 1122 1797 1209 1880; x_wconf 88' lang='lat' dir='ltr'>ipsos</span> <span class='ocrx_word' id='word_1_78' title='bbox 1242 1797 1307 1860; x_wconf 89' lang='lat' dir='ltr'>dis·</span> 
     </span>
     <span class='ocr_line' id='line_1_12' title="bbox 261 1899 1418 1986; baseline 0 -24"><span class='ocrx_word' id='word_1_79' title='bbox 261 1899 444 1984; x_wconf 92' lang='lat' dir='ltr'>ponendam</span> <span class='ocrx_word' id='word_1_80' title='bbox 460 1903 492 1964; x_wconf 90' lang='lat' dir='ltr'>et</span> <span class='ocrx_word' id='word_1_81' title='bbox 509 1899 764 1985; x_wconf 87' lang='lat' dir='ltr'>expendendam.</span> <span class='ocrx_word' id='word_1_82' title='bbox 803 1899 928 1964; x_wconf 86' lang='lat' dir='ltr'>Eodem</span> <span class='ocrx_word' id='word_1_83' title='bbox 952 1901 1047 1964; x_wconf 92' lang='lat' dir='ltr'>modo</span> <span class='ocrx_word' id='word_1_84' title='bbox 1071 1899 1252 1986; x_wconf 83' lang='lat' dir='ltr'>assignavit</span> <span class='ocrx_word' id='word_1_85' title='bbox 1274 1903 1308 1966; x_wconf 94' lang='lat' dir='ltr'>et</span> <span class='ocrx_word' id='word_1_86' title='bbox 1416 1947 1418 1956; x_wconf 31' lang='grc' dir='ltr'><strong>ι</strong></span> 
     </span>
     <span class='ocr_line' id='line_1_13' title="bbox 262 2001 1308 2096; baseline 0 -30"><span class='ocrx_word' id='word_1_87' title='bbox 262 2001 419 2068; x_wconf 87' lang='lat' dir='ltr'>concessit</span> <span class='ocrx_word' id='word_1_88' title='bbox 441 2001 775 2096; x_wconf 74' lang='lat' dir='ltr'>eisdempraedictam</span> <span class='ocrx_word' id='word_1_89' title='bbox 799 2001 965 2066; x_wconf 72' lang='lat' dir='ltr'>eccleciam</span> <span class='ocrx_word' id='word_1_90' title='bbox 988 2003 1028 2068; x_wconf 92' lang='lat' dir='ltr'>de</span> <span class='ocrx_word' id='word_1_91' title='bbox 1052 2001 1212 2088; x_wconf 88' lang='lat' dir='ltr'>Baddeby</span> <span class='ocrx_word' id='word_1_92' title='bbox 1235 2025 1308 2066; x_wconf 89' lang='lat' dir='ltr'>curn</span> 
     </span>
     <span class='ocr_line' id='line_1_14' title="bbox 262 2103 1334 2190; baseline 0 -22"><span class='ocrx_word' id='word_1_93' title='bbox 262 2105 413 2170; x_wconf 90' lang='lat' dir='ltr'>omnibus</span> <span class='ocrx_word' id='word_1_94' title='bbox 445 2103 576 2188; x_wconf 86' lang='lat' dir='ltr'>juribus</span> <span class='ocrx_word' id='word_1_95' title='bbox 608 2107 642 2170; x_wconf 93' lang='lat' dir='ltr'>et</span> <span class='ocrx_word' id='word_1_96' title='bbox 674 2103 886 2190; x_wconf 85' lang='lat' dir='ltr'>pertinentiis</span> <span class='ocrx_word' id='word_1_97' title='bbox 913 2103 1083 2184; x_wconf 85' lang='lat' dir='ltr'>universis,</span> <span class='ocrx_word' id='word_1_98' title='bbox 1119 2105 1161 2170; x_wconf 92' lang='lat' dir='ltr'>ad</span> <span class='ocrx_word' id='word_1_99' title='bbox 1196 2109 1307 2170; x_wconf 79' lang='lat' dir='ltr'>eorum</span> <span class='ocrx_word' id='word_1_100' title='bbox 1327 2125 1334 2144; x_wconf 70' lang='lat'><em>³</em></span> 
     </span>
     <span class='ocr_line' id='line_1_15' title="bbox 260 2203 1309 2292; baseline 0 -20"><span class='ocrx_word' id='word_1_101' title='bbox 260 2207 411 2272; x_wconf 89' lang='lat' dir='ltr'>similiter</span> <span class='ocrx_word' id='word_1_102' title='bbox 426 2203 618 2292; x_wconf 70' lang='lat' dir='ltr'>indigentia</span> <span class='ocrx_word' id='word_1_103' title='bbox 640 2205 826 2272; x_wconf 85' lang='lat' dir='ltr'>relevamen</span> <span class='ocrx_word' id='word_1_104' title='bbox 848 2211 881 2272; x_wconf 90' lang='lat' dir='ltr'>et</span> <span class='ocrx_word' id='word_1_105' title='bbox 904 2209 1081 2276; x_wconf 90' lang='lat' dir='ltr'>secundum</span> <span class='ocrx_word' id='word_1_106' title='bbox 1097 2229 1209 2274; x_wconf 85' lang='lat' dir='ltr'>eornm</span> <span class='ocrx_word' id='word_1_107' title='bbox 1224 2207 1309 2274; x_wconf 90' lang='lat' dir='ltr'>ordi·</span> 
     </span>
     <span class='ocr_line' id='line_1_16' title="bbox 261 2305 1308 2394; baseline 0 -20"><span class='ocrx_word' id='word_1_108' title='bbox 261 2311 430 2376; x_wconf 88' lang='lat' dir='ltr'>nationem</span> <span class='ocrx_word' id='word_1_109' title='bbox 464 2311 551 2374; x_wconf 91' lang='lat' dir='ltr'>inter</span> <span class='ocrx_word' id='word_1_110' title='bbox 584 2309 670 2394; x_wconf 88' lang='lat' dir='ltr'>ipsos</span> <span class='ocrx_word' id='word_1_111' title='bbox 702 2305 961 2394; x_wconf 79' lang='lat' dir='ltr'>expendendam.</span> <span class='ocrx_word' id='word_1_112' title='bbox 1016 2311 1068 2376; x_wconf 90' lang='lat' dir='ltr'>De</span> <span class='ocrx_word' id='word_1_113' title='bbox 1102 2311 1163 2376; x_wconf 87' lang='lat' dir='ltr'>hac</span> <span class='ocrx_word' id='word_1_114' title='bbox 1196 2315 1308 2376; x_wconf 89' lang='lat' dir='ltr'>autem</span> 
     </span>
     <span class='ocr_line' id='line_1_17' title="bbox 261 2409 1309 2498; baseline 0 -22"><span class='ocrx_word' id='word_1_115' title='bbox 261 2411 394 2476; x_wconf 89' lang='lat' dir='ltr'>ecclesia</span> <span class='ocrx_word' id='word_1_116' title='bbox 416 2413 456 2476; x_wconf 87' lang='lat' dir='ltr'>de</span> <span class='ocrx_word' id='word_1_117' title='bbox 480 2411 640 2496; x_wconf 85' lang='lat' dir='ltr'>Baddeby</span> <span class='ocrx_word' id='word_1_118' title='bbox 661 2411 776 2498; x_wconf 87' lang='lat' dir='ltr'>recipit</span> <span class='ocrx_word' id='word_1_119' title='bbox 806 2409 920 2476; x_wconf 89' lang='lat' dir='ltr'>sacrist</span> <span class='ocrx_word' id='word_1_120' title='bbox 976 2413 1072 2478; x_wconf 88' lang='lat' dir='ltr'>istius</span> <span class='ocrx_word' id='word_1_121' title='bbox 1105 2415 1219 2478; x_wconf 89' lang='lat' dir='ltr'>domus</span> <span class='ocrx_word' id='word_1_122' title='bbox 1250 2435 1309 2476; x_wconf 87' lang='lat' dir='ltr'>an-</span> 
     </span>
     <span class='ocr_line' id='line_1_18' title="bbox 260 2513 1308 2601; baseline 0.002 -23"><span class='ocrx_word' id='word_1_123' title='bbox 260 2515 390 2578; x_wconf 89' lang='lat' dir='ltr'>nuatim</span> <span class='ocrx_word' id='word_1_124' title='bbox 424 2513 614 2601; x_wconf 89' lang='lat' dir='ltr'>pensionem</span> <span class='ocrx_word' id='word_1_125' title='bbox 653 2513 792 2578; x_wconf 90' lang='lat' dir='ltr'>duarum</span> <span class='ocrx_word' id='word_1_126' title='bbox 829 2535 1022 2594; x_wconf 90' lang='lat' dir='ltr'>marcarum,</span> <span class='ocrx_word' id='word_1_127' title='bbox 1074 2515 1115 2580; x_wconf 90' lang='lat' dir='ltr'>de</span> <span class='ocrx_word' id='word_1_128' title='bbox 1160 2517 1308 2592; x_wconf 86' lang='lat' dir='ltr'>bursaria</span> 
     </span>
     <span class='ocr_line' id='line_1_19' title="bbox 263 2605 1308 2706; baseline -0.002 -24"><span class='ocrx_word' id='word_1_129' title='bbox 263 2605 387 2682; x_wconf 76' lang='lat' dir='ltr'>domini</span> <span class='ocrx_word' id='word_1_130' title='bbox 408 2615 547 2682; x_wconf 79' lang='lat' dir='ltr'>abbatis,</span> <span class='ocrx_word' id='word_1_131' title='bbox 609 2615 697 2680; x_wconf 89' lang='lat' dir='ltr'>Item</span> <span class='ocrx_word' id='word_1_132' title='bbox 726 2617 790 2680; x_wconf 91' lang='lat' dir='ltr'>iste</span> <span class='ocrx_word' id='word_1_133' title='bbox 825 2617 925 2706; x_wconf 91' lang='lat' dir='ltr'>abbas</span> <span class='ocrx_word' id='word_1_134' title='bbox 957 2617 1139 2704; x_wconf 89' lang='lat' dir='ltr'>assignavit</span> <span class='ocrx_word' id='word_1_135' title='bbox 1171 2621 1204 2682; x_wconf 93' lang='lat' dir='ltr'>et</span> <span class='ocrx_word' id='word_1_136' title='bbox 1236 2639 1308 2682; x_wconf 91' lang='lat' dir='ltr'>con-</span> 
     </span>
     <span class='ocr_line' id='line_1_20' title="bbox 263 2707 1308 2804; baseline 0 -20"><span class='ocrx_word' id='word_1_137' title='bbox 263 2719 359 2802; x_wconf 85' lang='lat' dir='ltr'>cessit</span> <span class='ocrx_word' id='word_1_138' title='bbox 380 2717 556 2790; x_wconf 88' lang='lat' dir='ltr'>camerario</span> <span class='ocrx_word' id='word_1_139' title='bbox 578 2717 675 2784; x_wconf 87' lang='lat' dir='ltr'>istius</span> <span class='ocrx_word' id='word_1_140' title='bbox 696 2707 886 2782; x_wconf 87' lang='lat' dir='ltr'>monasterii</span> <span class='ocrx_word' id='word_1_141' title='bbox 917 2717 1001 2784; x_wconf 90' lang='lat' dir='ltr'>illud</span> <span class='ocrx_word' id='word_1_142' title='bbox 1024 2717 1243 2804; x_wconf 86' lang='lat' dir='ltr'>messuagium</span> <span class='ocrx_word' id='word_1_143' title='bbox 1274 2727 1308 2784; x_wconf 90' lang='lat' dir='ltr'>et</span> 
     </span>
     <span class='ocr_line' id='line_1_21' title="bbox 263 2821 1308 2910; baseline 0 -24"><span class='ocrx_word' id='word_1_144' title='bbox 263 2823 345 2910; x_wconf 90' lang='lat' dir='ltr'>duas</span> <span class='ocrx_word' id='word_1_145' title='bbox 368 2825 535 2892; x_wconf 87' lang='lat' dir='ltr'>carucatas</span> <span class='ocrx_word' id='word_1_146' title='bbox 559 2825 654 2886; x_wconf 86' lang='lat' dir='ltr'>terrae</span> <span class='ocrx_word' id='word_1_147' title='bbox 677 2841 735 2906; x_wconf 94' lang='lat' dir='ltr'>per</span> <span class='ocrx_word' id='word_1_148' title='bbox 758 2821 867 2906; x_wconf 89' lang='lat' dir='ltr'>ipsum</span> <span class='ocrx_word' id='word_1_149' title='bbox 892 2821 1041 2908; x_wconf 88' lang='lat' dir='ltr'>superius</span> <span class='ocrx_word' id='word_1_150' title='bbox 1072 2821 1249 2910; x_wconf 80' lang='lat' dir='ltr'>acquisitas</span> <span class='ocrx_word' id='word_1_151' title='bbox 1271 2823 1308 2886; x_wconf 92' lang='lat' dir='ltr'>in</span> 
     </span>
     <span class='ocr_line' id='line_1_22' title="bbox 263 2913 1307 3010; baseline 0 -22"><span class='ocrx_word' id='word_1_152' title='bbox 263 2913 441 3010; x_wconf 79' lang='lat' dir='ltr'>Baddesey‚</span> <span class='ocrx_word' id='word_1_153' title='bbox 467 2945 539 3008; x_wconf 89' lang='lat' dir='ltr'>quae</span> <span class='ocrx_word' id='word_1_154' title='bbox 568 2923 735 3008; x_wconf 85' lang='lat' dir='ltr'>quondam</span> <span class='ocrx_word' id='word_1_155' title='bbox 757 2923 892 3006; x_wconf 83' lang='lat' dir='ltr'>fuerunt</span> <span class='ocrx_word' id='word_1_156' title='bbox 915 2923 1086 2988; x_wconf 89' lang='lat' dir='ltr'>Willielmi</span> <span class='ocrx_word' id='word_1_157' title='bbox 1110 2925 1307 3004; x_wconf 81' lang='lat' dir='ltr'>seneschalli,</span> 
     </span>
     <span class='ocr_line' id='line_1_23' title="bbox 263 3013 1308 3114; baseline 0 -24"><span class='ocrx_word' id='word_1_158' title='bbox 263 3047 337 3090; x_wconf 89' lang='lat' dir='ltr'>cnm</span> <span class='ocrx_word' id='word_1_159' title='bbox 359 3031 431 3092; x_wconf 90' lang='lat' dir='ltr'>tota</span> <span class='ocrx_word' id='word_1_160' title='bbox 452 3025 577 3090; x_wconf 90' lang='lat' dir='ltr'>decima</span> <span class='ocrx_word' id='word_1_161' title='bbox 591 3013 776 3112; x_wconf 89' lang='lat' dir='ltr'>garbarum</span> <span class='ocrx_word' id='word_1_162' title='bbox 788 3027 831 3090; x_wconf 91' lang='lat' dir='ltr'>ad</span> <span class='ocrx_word' id='word_1_163' title='bbox 854 3045 936 3112; x_wconf 88' lang='lat' dir='ltr'>opus</span> <span class='ocrx_word' id='word_1_164' title='bbox 951 3031 1140 3106; x_wconf 89' lang='lat' dir='ltr'>conventus,</span> <span class='ocrx_word' id='word_1_165' title='bbox 1155 3027 1206 3090; x_wconf 90' lang='lat' dir='ltr'>ita</span> <span class='ocrx_word' id='word_1_166' title='bbox 1221 3027 1308 3114; x_wconf 88' lang='lat' dir='ltr'>quod</span> 
     </span>
     <span class='ocr_line' id='line_1_24' title="bbox 262 3127 1308 3216; baseline 0.002 -24"><span class='ocrx_word' id='word_1_167' title='bbox 262 3129 369 3194; x_wconf 90' lang='lat' dir='ltr'>dictus</span> <span class='ocrx_word' id='word_1_168' title='bbox 392 3127 586 3194; x_wconf 88' lang='lat' dir='ltr'>camerarius</span> <span class='ocrx_word' id='word_1_169' title='bbox 609 3127 726 3212; x_wconf 85' lang='lat' dir='ltr'>reddat</span> <span class='ocrx_word' id='word_1_170' title='bbox 749 3129 927 3194; x_wconf 88' lang='lat' dir='ltr'>conventui</span> <span class='ocrx_word' id='word_1_171' title='bbox 950 3129 1087 3216; x_wconf 87' lang='lat' dir='ltr'>singulis</span> <span class='ocrx_word' id='word_1_172' title='bbox 1123 3129 1219 3192; x_wconf 88' lang='lat' dir='ltr'>annis</span> <span class='ocrx_word' id='word_1_173' title='bbox 1250 3149 1308 3214; x_wconf 82' lang='lat' dir='ltr'>pro</span> 
     </span>
     <span class='ocr_line' id='line_1_25' title="bbox 262 3225 1308 3318; baseline -0.002 -22"><span class='ocrx_word' id='word_1_174' title='bbox 262 3231 486 3306; x_wconf 85' lang='lat' dir='ltr'>melioratione</span> <span class='ocrx_word' id='word_1_175' title='bbox 524 3231 665 3296; x_wconf 90' lang='lat' dir='ltr'>vestium</span> <span class='ocrx_word' id='word_1_176' title='bbox 709 3225 842 3296; x_wconf 83' lang='lat' dir='ltr'>suorum</span> <span class='ocrx_word' id='word_1_177' title='bbox 877 3231 987 3296; x_wconf 90' lang='lat' dir='ltr'>decem</span> <span class='ocrx_word' id='word_1_178' title='bbox 1020 3231 1122 3296; x_wconf 85' lang='lat' dir='ltr'>libras</span> <span class='ocrx_word' id='word_1_179' title='bbox 1159 3233 1308 3318; x_wconf 82' lang='lat' dir='ltr'>argenti3</span> 
     </span>
     <span class='ocr_line' id='line_1_26' title="bbox 261 3321 1308 3424; baseline 0 -26"><span class='ocrx_word' id='word_1_180' title='bbox 261 3339 295 3398; x_wconf 94' lang='lat' dir='ltr'>et</span> <span class='ocrx_word' id='word_1_181' title='bbox 319 3335 405 3420; x_wconf 90' lang='lat' dir='ltr'>qnod</span> <span class='ocrx_word' id='word_1_182' title='bbox 437 3321 706 3420; x_wconf 87' lang='lat' dir='ltr'>quandocumque</span> <span class='ocrx_word' id='word_1_183' title='bbox 730 3337 798 3396; x_wconf 89' lang='lat' dir='ltr'>tam</span> <span class='ocrx_word' id='word_1_184' title='bbox 821 3331 942 3424; x_wconf 90' lang='lat' dir='ltr'>minuti</span> <span class='ocrx_word' id='word_1_185' title='bbox 966 3355 1064 3420; x_wconf 88' lang='lat' dir='ltr'>quam</span> <span class='ocrx_word' id='word_1_186' title='bbox 1087 3333 1308 3414; x_wconf 86' lang='lat' dir='ltr'>commonachi</span> 
     </span>
     <span class='ocr_line' id='line_1_27' title="bbox 263 3429 1308 3522; baseline 0 -20"><span class='ocrx_word' id='word_1_187' title='bbox 263 3435 452 3502; x_wconf 89' lang='lat' dir='ltr'>monasterii</span> <span class='ocrx_word' id='word_1_188' title='bbox 475 3435 570 3500; x_wconf 87' lang='lat' dir='ltr'>istius</span> <span class='ocrx_word' id='word_1_189' title='bbox 596 3435 627 3520; x_wconf 84' lang='lat' dir='ltr'>(a</span> <span class='ocrx_word' id='word_1_190' title='bbox 649 3435 755 3522; x_wconf 90' lang='lat' dir='ltr'>priore</span> <span class='ocrx_word' id='word_1_191' title='bbox 789 3429 843 3502; x_wconf 88' lang='lat' dir='ltr'>vel</span> <span class='ocrx_word' id='word_1_192' title='bbox 881 3437 923 3500; x_wconf 98' lang='lat' dir='ltr'>ab</span> <span class='ocrx_word' id='word_1_193' title='bbox 951 3437 1020 3522; x_wconf 88' lang='lat' dir='ltr'>ejus</span> <span class='ocrx_word' id='word_1_194' title='bbox 1050 3435 1138 3502; x_wconf 90' lang='lat' dir='ltr'>vices</span> <span class='ocrx_word' id='word_1_195' title='bbox 1176 3441 1308 3522; x_wconf 84' lang='lat' dir='ltr'>gerente</span> 
     </span>
    </p>

    <p class='ocr_par' dir='ltr' id='par_1_4' title="bbox 209 3531 1309 4344">
     <span class='ocr_line' id='line_1_28' title="bbox 209 3531 1308 3626; baseline -0.001 -22"><span class='ocrx_word' id='word_1_196' title='bbox 209 3531 210 3534; x_wconf 27' lang='lat'>¹</span> <span class='ocrx_word' id='word_1_197' title='bbox 263 3539 400 3604; x_wconf 90' lang='lat' dir='ltr'>obtenta</span> <span class='ocrx_word' id='word_1_198' title='bbox 423 3537 567 3624; x_wconf 89' lang='lat' dir='ltr'>licentia)</span> <span class='ocrx_word' id='word_1_199' title='bbox 592 3537 715 3602; x_wconf 89' lang='lat' dir='ltr'>ibidem</span> <span class='ocrx_word' id='word_1_200' title='bbox 739 3537 906 3602; x_wconf 89' lang='lat' dir='ltr'>comedere</span> <span class='ocrx_word' id='word_1_201' title='bbox 929 3539 1104 3618; x_wconf 88' lang='lat' dir='ltr'>voluerint,</span> <span class='ocrx_word' id='word_1_202' title='bbox 1127 3539 1308 3626; x_wconf 90' lang='lat' dir='ltr'>percipient</span> 
     </span>
     <span class='ocr_line' id='line_1_29' title="bbox 264 3641 1307 3728; baseline 0 -22"><span class='ocrx_word' id='word_1_203' title='bbox 264 3643 305 3708; x_wconf 95' lang='lat' dir='ltr'>de</span> <span class='ocrx_word' id='word_1_204' title='bbox 325 3641 453 3708; x_wconf 87' lang='lat' dir='ltr'>cellario</span> <span class='ocrx_word' id='word_1_205' title='bbox 478 3645 511 3706; x_wconf 91' lang='lat' dir='ltr'>et</span> <span class='ocrx_word' id='word_1_206' title='bbox 536 3641 575 3706; x_wconf 93' lang='lat' dir='ltr'>de</span> <span class='ocrx_word' id='word_1_207' title='bbox 599 3645 738 3726; x_wconf 86' lang='lat' dir='ltr'>utraque</span> <span class='ocrx_word' id='word_1_208' title='bbox 753 3641 894 3726; x_wconf 84' lang='lat' dir='ltr'>coquina</span> <span class='ocrx_word' id='word_1_209' title='bbox 910 3643 1095 3708; x_wconf 91' lang='lat' dir='ltr'>corrodium</span> <span class='ocrx_word' id='word_1_210' title='bbox 1110 3641 1152 3706; x_wconf 92' lang='lat' dir='ltr'>ad</span> <span class='ocrx_word' id='word_1_211' title='bbox 1169 3663 1221 3708; x_wconf 93' lang='lat' dir='ltr'>eos</span> <span class='ocrx_word' id='word_1_212' title='bbox 1236 3663 1307 3728; x_wconf 91' lang='lat' dir='ltr'>per-</span> 
     </span>
     <span class='ocr_line' id='line_1_30' title="bbox 264 3743 1308 3830; baseline 0.002 -22"><span class='ocrx_word' id='word_1_213' title='bbox 264 3747 372 3810; x_wconf 87' lang='lat' dir='ltr'>tinens</span> <span class='ocrx_word' id='word_1_214' title='bbox 395 3743 475 3808; x_wconf 90' lang='lat' dir='ltr'>adeo</span> <span class='ocrx_word' id='word_1_215' title='bbox 498 3743 594 3830; x_wconf 90' lang='lat' dir='ltr'>plene</span> <span class='ocrx_word' id='word_1_216' title='bbox 616 3745 700 3808; x_wconf 89' lang='lat' dir='ltr'>sicut</span> <span class='ocrx_word' id='word_1_217' title='bbox 723 3743 926 3828; x_wconf 90' lang='lat' dir='ltr'>perciperent</span> <span class='ocrx_word' id='word_1_218' title='bbox 941 3745 1020 3810; x_wconf 88' lang='lat' dir='ltr'>siin</span> <span class='ocrx_word' id='word_1_219' title='bbox 1035 3745 1095 3810; x_wconf 88' lang='lat' dir='ltr'>hoc</span> <span class='ocrx_word' id='word_1_220' title='bbox 1111 3747 1308 3816; x_wconf 86' lang='lat' dir='ltr'>monasterio</span> 
     </span>
     <span class='ocr_line' id='line_1_31' title="bbox 263 3837 1309 3924; baseline 0 -12"><span class='ocrx_word' id='word_1_221' title='bbox 263 3837 469 3914; x_wconf 88' lang='lat' dir='ltr'>morarentur</span> <span class='ocrx_word' id='word_1_222' title='bbox 500 3851 534 3912; x_wconf 91' lang='lat' dir='ltr'>et</span> <span class='ocrx_word' id='word_1_223' title='bbox 564 3847 777 3924; x_wconf 81' lang='lat' dir='ltr'>comederent</span> <span class='ocrx_word' id='word_1_224' title='bbox 833 3845 993 3924; x_wconf 80' lang='lat' dir='ltr'>Similiter</span> <span class='ocrx_word' id='word_1_225' title='bbox 1026 3849 1183 3914; x_wconf 87' lang='lat' dir='ltr'>concessit</span> <span class='ocrx_word' id='word_1_226' title='bbox 1205 3847 1309 3912; x_wconf 86' lang='lat' dir='ltr'>officio</span> 
     </span>
     <span class='ocr_line' id='line_1_32' title="bbox 263 3939 1308 4016; baseline -0.002 0"><span class='ocrx_word' id='word_1_227' title='bbox 263 3951 441 4016; x_wconf 84' lang='lat' dir='ltr'>hostilariae</span> <span class='ocrx_word' id='word_1_228' title='bbox 456 3951 600 4014; x_wconf 87' lang='lat' dir='ltr'>veterem</span> <span class='ocrx_word' id='word_1_229' title='bbox 623 3969 786 4014; x_wconf 84' lang='lat' dir='ltr'>cameram</span> <span class='ocrx_word' id='word_1_230' title='bbox 803 3947 891 4014; x_wconf 88' lang='lat' dir='ltr'>inter</span> <span class='ocrx_word' id='word_1_231' title='bbox 914 3939 1122 4016; x_wconf 84' lang='lat' dir='ltr'>refectorium</span> <span class='ocrx_word' id='word_1_232' title='bbox 1145 3955 1178 4016; x_wconf 89' lang='lat' dir='ltr'>et</span> <span class='ocrx_word' id='word_1_233' title='bbox 1201 3951 1308 4016; x_wconf 86' lang='lat' dir='ltr'>aulam</span> 
     </span>
     <span class='ocr_line' id='line_1_33' title="bbox 263 4051 1309 4142; baseline -0.002 -24"><span class='ocrx_word' id='word_1_234' title='bbox 263 4053 429 4142; x_wconf 88' lang='lat' dir='ltr'>hospitum</span> <span class='ocrx_word' id='word_1_235' title='bbox 454 4051 765 4130; x_wconf 64' lang='lat' dir='ltr'>abbatissimam,</span> <span class='ocrx_word' id='word_1_236' title='bbox 789 4051 832 4134; x_wconf 90' lang='lat' dir='ltr'>ad</span> <span class='ocrx_word' id='word_1_237' title='bbox 854 4051 1058 4120; x_wconf 85' lang='lat' dir='ltr'>dilatandam</span> <span class='ocrx_word' id='word_1_238' title='bbox 1073 4059 1106 4120; x_wconf 90' lang='lat' dir='ltr'>et</span> <span class='ocrx_word' id='word_1_239' title='bbox 1127 4053 1309 4132; x_wconf 82' lang='lat' dir='ltr'>faciendam</span> 
     </span>
     <span class='ocr_line' id='line_1_34' title="bbox 263 4153 1309 4242; baseline -0.002 -20"><span class='ocrx_word' id='word_1_240' title='bbox 263 4157 372 4222; x_wconf 83' lang='lat' dir='ltr'>aulam</span> <span class='ocrx_word' id='word_1_241' title='bbox 409 4157 442 4220; x_wconf 89' lang='lat' dir='ltr'>et</span> <span class='ocrx_word' id='word_1_242' title='bbox 480 4175 639 4222; x_wconf 80' lang='lat' dir='ltr'>camemm</span> <span class='ocrx_word' id='word_1_243' title='bbox 672 4177 731 4242; x_wconf 95' lang='lat' dir='ltr'>pro</span> <span class='ocrx_word' id='word_1_244' title='bbox 764 4153 844 4220; x_wconf 88' lang='lat' dir='ltr'>viris</span> <span class='ocrx_word' id='word_1_245' title='bbox 878 4155 1037 4242; x_wconf 84' lang='lat' dir='ltr'>religiosis</span> <span class='ocrx_word' id='word_1_246' title='bbox 1058 4155 1309 4224; x_wconf 82' lang='lat' dir='ltr'>advenientibus</span> 
     </span>
     <span class='ocr_line' id='line_1_35' title="bbox 263 4247 1307 4344; baseline -0.002 -20"><span class='ocrx_word' id='word_1_247' title='bbox 263 4257 431 4326; x_wconf 88' lang='lat' dir='ltr'>honestius</span> <span class='ocrx_word' id='word_1_248' title='bbox 453 4265 488 4322; x_wconf 89' lang='lat' dir='ltr'>et</span> <span class='ocrx_word' id='word_1_249' title='bbox 510 4257 678 4322; x_wconf 88' lang='lat' dir='ltr'>decentius</span> <span class='ocrx_word' id='word_1_250' title='bbox 701 4279 799 4344; x_wconf 89' lang='lat' dir='ltr'>quam</span> <span class='ocrx_word' id='word_1_251' title='bbox 822 4263 899 4322; x_wconf 90' lang='lat' dir='ltr'>ante</span> <span class='ocrx_word' id='word_1_252' title='bbox 921 4247 1037 4338; x_wconf 76' lang='lat' dir='ltr'>inerat.</span> <span class='ocrx_word' id='word_1_253' title='bbox 1085 4259 1177 4326; x_wconf 85' lang='lat' dir='ltr'>Fecit</span> <span class='ocrx_word' id='word_1_254' title='bbox 1209 4257 1307 4322; x_wconf 89' lang='lat' dir='ltr'>etiam</span> 
     </span>
    </p>
   </div>
   <div class='ocr_carea' id='block_1_3' title="bbox 266 4545 1308 4712">
    <p class='ocr_par' dir='ltr' id='par_1_5' title="bbox 266 4545 1308 4712">
     <span class='ocr_line' id='line_1_36' title="bbox 266 4545 1308 4710; baseline -0.001 -78"><span class='ocrx_word' id='word_1_255' title='bbox 266 4545 441 4710; x_wconf 48' lang='lat' dir='ltr'>Atdr&#39;oeresis]</span> <span class='ocrx_word' id='word_1_256' title='bbox 459 4581 488 4632; x_wconf 88' lang='lat' dir='ltr'>in</span> <span class='ocrx_word' id='word_1_257' title='bbox 503 4582 616 4648; x_wconf 88' lang='lat' dir='ltr'>proprios</span> <span class='ocrx_word' id='word_1_258' title='bbox 629 4595 688 4636; x_wconf 82' lang='lat' dir='ltr'>usus</span> <span class='ocrx_word' id='word_1_259' title='bbox 700 4595 757 4634; x_wconf 86' lang='lat' dir='ltr'>cum</span> <span class='ocrx_word' id='word_1_260' title='bbox 768 4581 884 4650; x_wconf 84' lang='lat' dir='ltr'>omnibus</span> <span class='ocrx_word' id='word_1_261' title='bbox 893 4581 992 4650; x_wconf 80' lang='lat' dir='ltr'>juribus</span> <span class='ocrx_word' id='word_1_262' title='bbox 1010 4593 1035 4638; x_wconf 88' lang='lat' dir='ltr'>et</span> <span class='ocrx_word' id='word_1_263' title='bbox 1052 4581 1236 4650; x_wconf 80' lang='lat' dir='ltr'>pcrtinentibus</span> <span class='ocrx_word' id='word_1_264' title='bbox 1249 4583 1308 4632; x_wconf 84' lang='lat' dir='ltr'>suis.</span> 
     </span>
     <span class='ocr_line' id='line_1_37' title="bbox 292 4661 983 4712; baseline -0.003 0"><span class='ocrx_word' id='word_1_265' title='bbox 292 4663 333 4712; x_wconf 84' lang='lat' dir='ltr'>dd.</span> <span class='ocrx_word' id='word_1_266' title='bbox 344 4661 416 4712; x_wconf 83' lang='lat' dir='ltr'>Harl.</span> <span class='ocrx_word' id='word_1_267' title='bbox 982 4683 983 4686; x_wconf 38' lang='lat'>¹</span> 
     </span>
    </p>
   </div>
   <div class='ocr_carea' id='block_1_4' title="bbox 1113 4749 1176 4812">
    <p class='ocr_par' dir='ltr' id='par_1_6' title="bbox 1113 4749 1176 4812">
     <span class='ocr_line' id='line_1_38' title="bbox 1113 4749 1176 4812; baseline 0 0"><span class='ocrx_word' id='word_1_268' title='bbox 1113 4749 1176 4812; x_wconf 66' lang='grc' dir='ltr'>Μ</span> 
     </span>
    </p>
   </div>
   <div class='ocr_carea' id='block_1_5' title="bbox 0 0 1660 5666">
    <p class='ocr_par' dir='ltr' id='par_1_7' title="bbox 0 0 1660 5666">
     <span class='ocr_line' id='line_1_39' title="bbox 0 0 1660 5666; baseline 0 0"><span class='ocrx_word' id='word_1_269' title='bbox 0 0 1660 5666; x_wconf 95' lang='lat' dir='ltr'> </span> 
     </span>
    </p>
   </div>
  </div>
 </body>
</html>
