<?xml version="1.0" encoding="UTF-8"?>
<!DOCTYPE html PUBLIC "-//W3C//DTD XHTML 1.0 Transitional//EN"
    "http://www.w3.org/TR/xhtml1/DTD/xhtml1-transitional.dtd">
<html xmlns="http://www.w3.org/1999/xhtml" xml:lang="en" lang="en">
 <head>
  <title>
</title>
<meta http-equiv="Content-Type" content="text/html;charset=utf-8" />
  <meta name='ocr-system' content='tesseract 3.04.00' />
  <meta name='ocr-capabilities' content='ocr_page ocr_carea ocr_par ocr_line ocrx_word'/>
</head>
<body>
  <div class='ocr_page' id='page_1' title='image "./chroniconabbati01marlgoog/chroniconabbati01marlgoog_0073.png"; bbox 0 0 3300 5666; ppageno 0'>
   <div class='ocr_carea' id='block_1_1' title="bbox 425 785 1365 860">
    <p class='ocr_par' dir='ltr' id='par_1_1' title="bbox 425 785 1365 860">
     <span class='ocr_line' id='line_1_1' title="bbox 425 785 1365 860; baseline 0.002 -6"><span class='ocrx_word' id='word_1_1' title='bbox 425 805 624 860; x_wconf 81' lang='lat' dir='ltr'>cuaourcou</span> <span class='ocrx_word' id='word_1_2' title='bbox 647 805 801 856; x_wconf 73' lang='grc'>1001110</span> <span class='ocrx_word' id='word_1_3' title='bbox 825 805 871 854; x_wconf 83' lang='lat' dir='ltr'>nr</span> <span class='ocrx_word' id='word_1_4' title='bbox 895 807 1065 854; x_wconf 80' lang='grc'>1111111111.</span> <span class='ocrx_word' id='word_1_5' title='bbox 1241 795 1280 858; x_wconf 83' lang='grc'>15</span> <span class='ocrx_word' id='word_1_6' title='bbox 1362 785 1365 790; x_wconf 75' lang='grc'><strong>’</strong></span> 
     </span>
    </p>
   </div>
   <div class='ocr_carea' id='block_1_2' title="bbox 220 975 1429 1478">
    <p class='ocr_par' dir='ltr' id='par_1_2' title="bbox 220 975 1429 1478">
     <span class='ocr_line' id='line_1_2' title="bbox 239 975 1429 1066; baseline 0.007 -24"><span class='ocrx_word' id='word_1_7' title='bbox 239 975 416 1044; x_wconf 77' lang='lat' dir='ltr'>Celebratis</span> <span class='ocrx_word' id='word_1_8' title='bbox 440 981 541 1066; x_wconf 78' lang='lat' dir='ltr'>igitur</span> <span class='ocrx_word' id='word_1_9' title='bbox 575 981 746 1046; x_wconf 91' lang='lat' dir='ltr'>missarum</span> <span class='ocrx_word' id='word_1_10' title='bbox 769 981 933 1046; x_wconf 72' lang='lat' dir='ltr'>solemniis</span> <span class='ocrx_word' id='word_1_11' title='bbox 957 987 991 1046; x_wconf 93' lang='lat' dir='ltr'>et</span> <span class='ocrx_word' id='word_1_12' title='bbox 1022 983 1094 1046; x_wconf 90' lang='lat' dir='ltr'>aliis</span> <span class='ocrx_word' id='word_1_13' title='bbox 1118 1003 1159 1046; x_wconf 83' lang='lat' dir='ltr'>ex</span> <span class='ocrx_word' id='word_1_14' title='bbox 1194 1005 1281 1048; x_wconf 84' lang='lat' dir='ltr'>rnore</span> <span class='ocrx_word' id='word_1_15' title='bbox 1295 995 1429 1050; x_wconf 86' lang='lat' dir='ltr'>A.D.71s.</span> 
     </span>
     <span class='ocr_line' id='line_1_3' title="bbox 237 1081 1281 1170; baseline 0.002 -24"><span class='ocrx_word' id='word_1_16' title='bbox 237 1081 375 1168; x_wconf 88' lang='lat' dir='ltr'>peractis</span> <span class='ocrx_word' id='word_1_17' title='bbox 399 1083 570 1168; x_wconf 80' lang='lat' dir='ltr'>obsequiis,</span> <span class='ocrx_word' id='word_1_18' title='bbox 594 1085 739 1170; x_wconf 91' lang='lat' dir='ltr'>positum</span> <span class='ocrx_word' id='word_1_19' title='bbox 762 1093 813 1148; x_wconf 91' lang='lat' dir='ltr'>est</span> <span class='ocrx_word' id='word_1_20' title='bbox 836 1105 950 1168; x_wconf 91' lang='lat' dir='ltr'>corpus</span> <span class='ocrx_word' id='word_1_21' title='bbox 980 1081 1049 1166; x_wconf 89' lang='lat' dir='ltr'>ejus</span> <span class='ocrx_word' id='word_1_22' title='bbox 1073 1105 1147 1148; x_wconf 91' lang='lat' dir='ltr'>cum</span> <span class='ocrx_word' id='word_1_23' title='bbox 1171 1083 1281 1150; x_wconf 90' lang='lat' dir='ltr'>debito</span> 
     </span>
     <span class='ocr_line' id='line_1_4' title="bbox 220 1181 1281 1272; baseline 0.002 -24"><span class='ocrx_word' id='word_1_24' title='bbox 220 1181 356 1250; x_wconf 51' lang='lat' dir='ltr'>&#39;honore</span> <span class='ocrx_word' id='word_1_25' title='bbox 382 1185 419 1248; x_wconf 92' lang='lat' dir='ltr'>in</span> <span class='ocrx_word' id='word_1_26' title='bbox 449 1185 517 1250; x_wconf 93' lang='grc'>1000</span> <span class='ocrx_word' id='word_1_27' title='bbox 551 1209 648 1272; x_wconf 93' lang='lat' dir='ltr'>quem</span> <span class='ocrx_word' id='word_1_28' title='bbox 685 1187 774 1270; x_wconf 91' lang='lat' dir='ltr'>prius</span> <span class='ocrx_word' id='word_1_29' title='bbox 810 1187 951 1272; x_wconf 84' lang='lat' dir='ltr'>elegerat</span> <span class='ocrx_word' id='word_1_30' title='bbox 989 1187 1060 1250; x_wconf 91' lang='lat' dir='ltr'>sibi.</span> <span class='ocrx_word' id='word_1_31' title='bbox 1117 1185 1281 1272; x_wconf 74' lang='lat' dir='ltr'>Apposuit</span> 
     </span>
     <span class='ocr_line' id='line_1_5' title="bbox 237 1287 1278 1374; baseline 0.002 -24"><span class='ocrx_word' id='word_1_32' title='bbox 237 1287 439 1372; x_wconf 86' lang='lat' dir='ltr'>epitaphium</span> <span class='ocrx_word' id='word_1_33' title='bbox 473 1289 616 1374; x_wconf 85' lang='lat' dir='ltr'>scriptor,</span> <span class='ocrx_word' id='word_1_34' title='bbox 645 1291 718 1358; x_wconf 75' lang='lat' dir='ltr'>&#39;non</span> <span class='ocrx_word' id='word_1_35' title='bbox 749 1289 879 1352; x_wconf 90' lang='lat' dir='ltr'>leonina</span> <span class='ocrx_word' id='word_1_36' title='bbox 910 1289 1071 1352; x_wconf 89' lang='lat' dir='ltr'>dictatum</span> <span class='ocrx_word' id='word_1_37' title='bbox 1109 1289 1278 1368; x_wconf 72' lang='lat' dir='ltr'>cantilena,</span> 
     </span>
     <span class='ocr_line' id='line_1_6' title="bbox 236 1377 1278 1478; baseline -0.002 -22"><span class='ocrx_word' id='word_1_38' title='bbox 236 1391 292 1458; x_wconf 84' lang='lat' dir='ltr'>scd</span> <span class='ocrx_word' id='word_1_39' title='bbox 312 1391 451 1478; x_wconf 81' lang='lat' dir='ltr'>simplici</span> <span class='ocrx_word' id='word_1_40' title='bbox 469 1391 728 1458; x_wconf 88' lang='lat' dir='ltr'>commendatum</span> <span class='ocrx_word' id='word_1_41' title='bbox 744 1377 819 1456; x_wconf 91' lang='lat' dir='ltr'>stilo</span> <span class='ocrx_word' id='word_1_42' title='bbox 836 1397 870 1456; x_wconf 93' lang='lat' dir='ltr'>et</span> <span class='ocrx_word' id='word_1_43' title='bbox 886 1391 1099 1476; x_wconf 71' lang='lat' dir='ltr'>descriptione</span> <span class='ocrx_word' id='word_1_44' title='bbox 1115 1413 1181 1454; x_wconf 92' lang='lat' dir='ltr'>non</span> <span class='ocrx_word' id='word_1_45' title='bbox 1195 1391 1278 1456; x_wconf 91' lang='lat' dir='ltr'>ficta.</span> 
     </span>
    </p>
   </div>
   <div class='ocr_carea' id='block_1_3' title="bbox 190 1527 1406 2338">
    <p class='ocr_par' dir='ltr' id='par_1_3' title="bbox 190 1527 1406 1616">
     <span class='ocr_line' id='line_1_7' title="bbox 190 1527 1406 1616; baseline -0.002 -20"><span class='ocrx_word' id='word_1_46' title='bbox 190 1565 192 1568; x_wconf 95' lang='lat'>·</span> <span class='ocrx_word' id='word_1_47' title='bbox 244 1559 245 1562; x_wconf 43' lang='lat'>¹</span> <span class='ocrx_word' id='word_1_48' title='bbox 280 1537 297 1570; x_wconf 72' lang='lat'>‘⁴</span> <span class='ocrx_word' id='word_1_49' title='bbox 322 1531 415 1616; x_wconf 88' lang='lat' dir='ltr'>Rupe</span> <span class='ocrx_word' id='word_1_50' title='bbox 439 1533 498 1598; x_wconf 92' lang='lat' dir='ltr'>sub</span> <span class='ocrx_word' id='word_1_51' title='bbox 524 1529 583 1596; x_wconf 88' lang='lat' dir='ltr'>lrac</span> <span class='ocrx_word' id='word_1_52' title='bbox 608 1531 668 1594; x_wconf 85' lang='lat' dir='ltr'>vili</span> <span class='ocrx_word' id='word_1_53' title='bbox 692 1531 892 1616; x_wconf 62' lang='lat' dir='ltr'>tegitur&#39;vir</span> <span class='ocrx_word' id='word_1_54' title='bbox 917 1553 1070 1610; x_wconf 92' lang='lat' dir='ltr'>summus,</span> <span class='ocrx_word' id='word_1_55' title='bbox 1094 1535 1128 1596; x_wconf 90' lang='grc'>01</span> <span class='ocrx_word' id='word_1_56' title='bbox 1150 1553 1234 1594; x_wconf 89' lang='lat' dir='ltr'>urna</span> <span class='ocrx_word' id='word_1_57' title='bbox 1292 1527 1406 1594; x_wconf 79' lang='lat' dir='ltr'>Epiaph.</span> 
     </span>
    </p>

    <p class='ocr_par' dir='ltr' id='par_1_4' title="bbox 260 1631 1307 1822">
     <span class='ocr_line' id='line_1_8' title="bbox 279 1631 1307 1720; baseline -0.005 -20"><span class='ocrx_word' id='word_1_58' title='bbox 279 1643 295 1668; x_wconf 88' lang='lat'><em>“</em></span> <span class='ocrx_word' id='word_1_59' title='bbox 319 1631 491 1700; x_wconf 70' lang='lat' dir='ltr'>Clauditur</span> <span class='ocrx_word' id='word_1_60' title='bbox 513 1637 773 1720; x_wconf 80' lang='lat' dir='ltr'>angustaquem</span> <span class='ocrx_word' id='word_1_61' title='bbox 796 1633 953 1698; x_wconf 82' lang='lat' dir='ltr'>subvehit</span> <span class='ocrx_word' id='word_1_62' title='bbox 976 1633 1044 1698; x_wconf 87' lang='lat' dir='ltr'>alta</span> <span class='ocrx_word' id='word_1_63' title='bbox 1067 1655 1123 1720; x_wconf 93' lang='lat' dir='ltr'>per</span> <span class='ocrx_word' id='word_1_64' title='bbox 1146 1633 1256 1698; x_wconf 93' lang='lat' dir='ltr'>orbem</span> <span class='ocrx_word' id='word_1_65' title='bbox 1294 1649 1307 1686; x_wconf 72' lang='grc' dir='ltr'><em>ὁ</em></span> 
     </span>
     <span class='ocr_line' id='line_1_9' title="bbox 260 1735 1210 1822; baseline 0 -22"><span class='ocrx_word' id='word_1_66' title='bbox 260 1745 296 1772; x_wconf 79' lang='grc'>”“</span> <span class='ocrx_word' id='word_1_67' title='bbox 319 1735 396 1802; x_wconf 86' lang='lat' dir='ltr'>Veri</span> <span class='ocrx_word' id='word_1_68' title='bbox 419 1735 507 1802; x_wconf 83' lang='lat' dir='ltr'>fama</span> <span class='ocrx_word' id='word_1_69' title='bbox 528 1737 649 1802; x_wconf 90' lang='lat' dir='ltr'>volans.</span> <span class='ocrx_word' id='word_1_70' title='bbox 698 1735 807 1800; x_wconf 88' lang='lat' dir='ltr'>Genus</span> <span class='ocrx_word' id='word_1_71' title='bbox 831 1735 883 1800; x_wconf 90' lang='lat' dir='ltr'>hic</span> <span class='ocrx_word' id='word_1_72' title='bbox 907 1737 1081 1822; x_wconf 71' lang='lat' dir='ltr'>spectabile</span> <span class='ocrx_word' id='word_1_73' title='bbox 1106 1737 1210 1814; x_wconf 80' lang='lat' dir='ltr'>duxit,</span> 
     </span>
    </p>

    <p class='ocr_par' dir='ltr' id='par_1_5' title="bbox 278 1839 1200 2126">
     <span class='ocr_line' id='line_1_10' title="bbox 278 1839 1164 1926; baseline 0 -24"><span class='ocrx_word' id='word_1_74' title='bbox 278 1847 296 1874; x_wconf 81' lang='lat'><strong>“</strong></span> <span class='ocrx_word' id='word_1_75' title='bbox 318 1839 363 1902; x_wconf 84' lang='lat' dir='ltr'>Et</span> <span class='ocrx_word' id='word_1_76' title='bbox 386 1861 489 1904; x_wconf 90' lang='lat' dir='ltr'>mores</span> <span class='ocrx_word' id='word_1_77' title='bbox 512 1841 630 1904; x_wconf 91' lang='lat' dir='ltr'>habuit</span> <span class='ocrx_word' id='word_1_78' title='bbox 653 1841 823 1926; x_wconf 76' lang='lat' dir='ltr'>praeclaros</span> <span class='ocrx_word' id='word_1_79' title='bbox 847 1861 1029 1924; x_wconf 85' lang='lat' dir='ltr'>magnaque</span> <span class='ocrx_word' id='word_1_80' title='bbox 1056 1839 1164 1926; x_wconf 79' lang='lat' dir='ltr'>gessit.</span> 
     </span>
     <span class='ocr_line' id='line_1_11' title="bbox 279 1941 1200 2028; baseline 0 -22"><span class='ocrx_word' id='word_1_81' title='bbox 279 1949 296 1978; x_wconf 83' lang='lat'><strong>“</strong></span> <span class='ocrx_word' id='word_1_82' title='bbox 320 1941 495 2006; x_wconf 86' lang='lat' dir='ltr'>Ecclesiam</span> <span class='ocrx_word' id='word_1_83' title='bbox 518 1943 595 2008; x_wconf 87' lang='lat' dir='ltr'>fecit</span> <span class='ocrx_word' id='word_1_84' title='bbox 619 1941 801 2008; x_wconf 87' lang='lat' dir='ltr'>Eovesham</span> <span class='ocrx_word' id='word_1_85' title='bbox 826 1965 922 2028; x_wconf 84' lang='lat' dir='ltr'>quam</span> <span class='ocrx_word' id='word_1_86' title='bbox 946 1943 1048 2022; x_wconf 89' lang='lat' dir='ltr'>modo</span> <span class='ocrx_word' id='word_1_87' title='bbox 1066 1941 1200 2022; x_wconf 93' lang='lat' dir='ltr'>dicunt,l</span> 
     </span>
     <span class='ocr_line' id='line_1_12' title="bbox 278 2045 959 2126; baseline 0.003 -18"><span class='ocrx_word' id='word_1_88' title='bbox 278 2055 296 2080; x_wconf 86' lang='lat'><strong>“</strong></span> <span class='ocrx_word' id='word_1_89' title='bbox 319 2045 449 2110; x_wconf 88' lang='lat' dir='ltr'>Ditavit</span> <span class='ocrx_word' id='word_1_90' title='bbox 471 2045 574 2126; x_wconf 89' lang='lat' dir='ltr'>terris,</span> <span class='ocrx_word' id='word_1_91' title='bbox 592 2051 626 2110; x_wconf 93' lang='lat' dir='ltr'>et</span> <span class='ocrx_word' id='word_1_92' title='bbox 641 2045 746 2110; x_wconf 90' lang='lat' dir='ltr'>multa</span> <span class='ocrx_word' id='word_1_93' title='bbox 768 2045 959 2110; x_wconf 86' lang='lat' dir='ltr'>nobilitavit</span> 
     </span>
    </p>

    <p class='ocr_par' dir='ltr' id='par_1_6' title="bbox 240 2147 1170 2338">
     <span class='ocr_line' id='line_1_13' title="bbox 240 2147 1109 2234; baseline 0.002 -24"><span class='ocrx_word' id='word_1_94' title='bbox 240 2225 242 2228; x_wconf 16' lang='grc' dir='ltr'>Ι</span> <span class='ocrx_word' id='word_1_95' title='bbox 278 2147 484 2214; x_wconf 80' lang='lat' dir='ltr'>“Libertate</span> <span class='ocrx_word' id='word_1_96' title='bbox 511 2147 624 2212; x_wconf 91' lang='lat' dir='ltr'>locum.</span> <span class='ocrx_word' id='word_1_97' title='bbox 673 2147 738 2228; x_wconf 79' lang='lat' dir='ltr'>Qui</span> <span class='ocrx_word' id='word_1_98' title='bbox 763 2149 855 2234; x_wconf 81' lang='lat' dir='ltr'>regni</span> <span class='ocrx_word' id='word_1_99' title='bbox 877 2149 953 2234; x_wconf 85' lang='lat' dir='ltr'>jura</span> <span class='ocrx_word' id='word_1_100' title='bbox 975 2149 1109 2212; x_wconf 90' lang='lat' dir='ltr'>tenebat</span> 
     </span>
     <span class='ocr_line' id='line_1_14' title="bbox 278 2249 1170 2338; baseline 0.002 -24"><span class='ocrx_word' id='word_1_101' title='bbox 278 2259 300 2302; x_wconf 20' lang='lat'>“¹</span> <span class='ocrx_word' id='word_1_102' title='bbox 317 2249 547 2316; x_wconf 87' lang='lat' dir='ltr'>Omnimodam</span> <span class='ocrx_word' id='word_1_103' title='bbox 569 2251 719 2338; x_wconf 88' lang='lat' dir='ltr'>scripsit;</span> <span class='ocrx_word' id='word_1_104' title='bbox 743 2251 935 2338; x_wconf 90' lang='lat' dir='ltr'>subscripsit</span> <span class='ocrx_word' id='word_1_105' title='bbox 960 2251 1049 2316; x_wconf 86' lang='lat' dir='ltr'>curia</span> <span class='ocrx_word' id='word_1_106' title='bbox 1070 2253 1170 2338; x_wconf 80' lang='lat' dir='ltr'>regni,</span> 
     </span>
    </p>
   </div>
   <div class='ocr_carea' id='block_1_4' title="bbox 237 2351 1193 2728">
    <p class='ocr_par' dir='ltr' id='par_1_7' title="bbox 239 2351 1159 2442">
     <span class='ocr_line' id='line_1_15' title="bbox 239 2351 1159 2442; baseline 0.001 -25"><span class='ocrx_word' id='word_1_107' title='bbox 239 2365 240 2368; x_wconf 76' lang='grc'>’</span> <span class='ocrx_word' id='word_1_108' title='bbox 278 2351 363 2418; x_wconf 82' lang='lat' dir='ltr'>“Et</span> <span class='ocrx_word' id='word_1_109' title='bbox 386 2355 443 2438; x_wconf 88' lang='lat' dir='ltr'>qui</span> <span class='ocrx_word' id='word_1_110' title='bbox 467 2353 646 2420; x_wconf 85' lang='lat' dir='ltr'>Romanam</span> <span class='ocrx_word' id='word_1_111' title='bbox 673 2355 782 2420; x_wconf 74' lang='lat' dir='ltr'>sedens</span> <span class='ocrx_word' id='word_1_112' title='bbox 801 2361 889 2420; x_wconf 63' lang='lat' dir='ltr'>,tunc</span> <span class='ocrx_word' id='word_1_113' title='bbox 911 2377 997 2440; x_wconf 88' lang='lat' dir='ltr'>papa</span> <span class='ocrx_word' id='word_1_114' title='bbox 1019 2355 1159 2442; x_wconf 83' lang='lat' dir='ltr'>regebat,</span> 
     </span>
    </p>

    <p class='ocr_par' dir='ltr' id='par_1_8' title="bbox 237 2449 1193 2728">
     <span class='ocr_line' id='line_1_16' title="bbox 237 2449 1084 2544; baseline -0.002 -22"><span class='ocrx_word' id='word_1_115' title='bbox 237 2483 238 2486; x_wconf 44' lang='lat'>¹</span> <span class='ocrx_word' id='word_1_116' title='bbox 276 2463 291 2490; x_wconf 90' lang='lat'><strong>“</strong></span> <span class='ocrx_word' id='word_1_117' title='bbox 317 2455 534 2522; x_wconf 77' lang='lat' dir='ltr'>Confirmavit</span> <span class='ocrx_word' id='word_1_118' title='bbox 556 2479 627 2522; x_wconf 86' lang='lat' dir='ltr'>earn</span> <span class='ocrx_word' id='word_1_119' title='bbox 650 2449 779 2544; x_wconf 87' lang='lat' dir='ltr'>proprio</span> <span class='ocrx_word' id='word_1_120' title='bbox 802 2459 946 2522; x_wconf 87' lang='lat' dir='ltr'>testante</span> <span class='ocrx_word' id='word_1_121' title='bbox 965 2457 1084 2542; x_wconf 79' lang='lat' dir='ltr'>sigillo.</span> 
     </span>
     <span class='ocr_line' id='line_1_17' title="bbox 275 2557 1134 2646; baseline 0 -24"><span class='ocrx_word' id='word_1_122' title='bbox 275 2567 291 2594; x_wconf 88' lang='lat'><strong>“</strong></span> <span class='ocrx_word' id='word_1_123' title='bbox 314 2559 393 2622; x_wconf 85' lang='lat' dir='ltr'>Vita</span> <span class='ocrx_word' id='word_1_124' title='bbox 415 2561 570 2646; x_wconf 83' lang='lat' dir='ltr'>migravit</span> <span class='ocrx_word' id='word_1_125' title='bbox 592 2561 694 2646; x_wconf 77' lang='lat' dir='ltr'>&#39;quum</span> <span class='ocrx_word' id='word_1_126' title='bbox 719 2559 795 2624; x_wconf 91' lang='lat' dir='ltr'>solis</span> <span class='ocrx_word' id='word_1_127' title='bbox 818 2557 875 2646; x_wconf 89' lang='lat' dir='ltr'>per</span> <span class='ocrx_word' id='word_1_128' title='bbox 900 2557 1134 2646; x_wconf 76' lang='lat' dir='ltr'>Capricornum</span> 
     </span>
     <span class='ocr_line' id='line_1_18' title="bbox 278 2661 1193 2728; baseline 0 -2"><span class='ocrx_word' id='word_1_129' title='bbox 278 2661 445 2726; x_wconf 79' lang='lat' dir='ltr'>“Tertius</span> <span class='ocrx_word' id='word_1_130' title='bbox 470 2683 507 2726; x_wconf 89' lang='lat' dir='ltr'>ac</span> <span class='ocrx_word' id='word_1_131' title='bbox 531 2663 674 2728; x_wconf 89' lang='lat' dir='ltr'>decimus</span> <span class='ocrx_word' id='word_1_132' title='bbox 698 2661 868 2726; x_wconf 75' lang='lat' dir='ltr'>medians²</span> <span class='ocrx_word' id='word_1_133' title='bbox 896 2663 1049 2728; x_wconf 81' lang='lat' dir='ltr'>existeret</span> <span class='ocrx_word' id='word_1_134' title='bbox 1073 2661 1193 2728; x_wconf 88' lang='lat' dir='ltr'>ortus.’&#39;</span> 
     </span>
    </p>
   </div>
   <div class='ocr_carea' id='block_1_5' title="bbox 138 2807 1279 4334">
    <p class='ocr_par' dir='ltr' id='par_1_9' title="bbox 138 2807 1279 4334">
     <span class='ocr_line' id='line_1_19' title="bbox 138 2807 1274 2900; baseline -0.002 -22"><span class='ocrx_word' id='word_1_135' title='bbox 138 2807 140 2812; x_wconf 54' lang='grc'>’</span> <span class='ocrx_word' id='word_1_136' title='bbox 212 2827 214 2830; x_wconf 82' lang='grc'><strong>’</strong></span> <span class='ocrx_word' id='word_1_137' title='bbox 274 2813 388 2898; x_wconf 86' lang='lat' dir='ltr'>Multis</span> <span class='ocrx_word' id='word_1_138' title='bbox 416 2813 646 2878; x_wconf 89' lang='lat' dir='ltr'>miraculorum</span> <span class='ocrx_word' id='word_1_139' title='bbox 669 2813 770 2900; x_wconf 83' lang='lat' dir='ltr'>signis</span> <span class='ocrx_word' id='word_1_140' title='bbox 797 2813 834 2878; x_wconf 91' lang='lat' dir='ltr'>in</span> <span class='ocrx_word' id='word_1_141' title='bbox 860 2813 971 2878; x_wconf 89' lang='lat' dir='ltr'>eodem</span> <span class='ocrx_word' id='word_1_142' title='bbox 997 2813 1065 2876; x_wconf 93' lang='lat' dir='ltr'>loco</span> <span class='ocrx_word' id='word_1_143' title='bbox 1091 2813 1182 2878; x_wconf 88' lang='lat' dir='ltr'>Deus</span> <span class='ocrx_word' id='word_1_144' title='bbox 1207 2813 1274 2878; x_wconf 83' lang='lat' dir='ltr'>evi-</span> 
     </span>
     <span class='ocr_line' id='line_1_20' title="bbox 230 2909 1273 3000; baseline 0 -22"><span class='ocrx_word' id='word_1_145' title='bbox 230 2917 345 2980; x_wconf 86' lang='lat' dir='ltr'>denter</span> <span class='ocrx_word' id='word_1_146' title='bbox 369 2921 481 3000; x_wconf 90' lang='lat' dir='ltr'>postea</span> <span class='ocrx_word' id='word_1_147' title='bbox 494 2915 701 2980; x_wconf 88' lang='lat' dir='ltr'>monstravit</span> <span class='ocrx_word' id='word_1_148' title='bbox 724 2921 847 2998; x_wconf 86' lang='lat' dir='ltr'>quanta</span> <span class='ocrx_word' id='word_1_149' title='bbox 870 2919 1001 2978; x_wconf 87' lang='lat' dir='ltr'>sanctus</span> <span class='ocrx_word' id='word_1_150' title='bbox 1027 2915 1078 2976; x_wconf 88' lang='lat' dir='ltr'>vir</span> <span class='ocrx_word' id='word_1_151' title='bbox 1099 2909 1273 3000; x_wconf 77' lang='lat' dir='ltr'>Enguinos</span> 
     </span>
     <span class='ocr_line' id='line_1_21' title="bbox 229 3015 1273 3104; baseline 0 -24"><span class='ocrx_word' id='word_1_152' title='bbox 229 3017 315 3104; x_wconf 90' lang='lat' dir='ltr'>apud</span> <span class='ocrx_word' id='word_1_153' title='bbox 341 3017 427 3080; x_wconf 90' lang='lat' dir='ltr'>Eum</span> <span class='ocrx_word' id='word_1_154' title='bbox 450 3017 556 3104; x_wconf 84' lang='lat' dir='ltr'>gratia</span> <span class='ocrx_word' id='word_1_155' title='bbox 587 3017 623 3080; x_wconf 91' lang='lat' dir='ltr'>in</span> <span class='ocrx_word' id='word_1_156' title='bbox 648 3017 736 3082; x_wconf 91' lang='lat' dir='ltr'>coelis</span> <span class='ocrx_word' id='word_1_157' title='bbox 762 3017 933 3080; x_wconf 89' lang='lat' dir='ltr'>eminebat.</span> <span class='ocrx_word' id='word_1_158' title='bbox 993 3015 1126 3082; x_wconf 88' lang='lat' dir='ltr'>Orbatis</span> <span class='ocrx_word' id='word_1_159' title='bbox 1150 3017 1273 3080; x_wconf 88' lang='lat' dir='ltr'>lumine</span> 
     </span>
     <span class='ocr_line' id='line_1_22' title="bbox 228 3113 1272 3204; baseline -0.004 -18"><span class='ocrx_word' id='word_1_160' title='bbox 228 3123 338 3186; x_wconf 91' lang='lat' dir='ltr'>lumen</span> <span class='ocrx_word' id='word_1_161' title='bbox 375 3121 417 3184; x_wconf 87' lang='lat' dir='ltr'>ad</span> <span class='ocrx_word' id='word_1_162' title='bbox 458 3119 527 3204; x_wconf 82' lang='lat' dir='ltr'>ejus</span> <span class='ocrx_word' id='word_1_163' title='bbox 571 3113 712 3184; x_wconf 87' lang='lat' dir='ltr'>nominis</span> <span class='ocrx_word' id='word_1_164' title='bbox 748 3119 990 3184; x_wconf 88' lang='lat' dir='ltr'>invocationem</span> <span class='ocrx_word' id='word_1_165' title='bbox 1026 3119 1272 3198; x_wconf 86' lang='lat' dir='ltr'>restituebatur,</span> 
     </span>
     <span class='ocr_line' id='line_1_23' title="bbox 228 3221 1272 3310; baseline -0.002 -20"><span class='ocrx_word' id='word_1_166' title='bbox 228 3223 344 3290; x_wconf 88' lang='lat' dir='ltr'>auditu</span> <span class='ocrx_word' id='word_1_167' title='bbox 379 3223 516 3310; x_wconf 88' lang='lat' dir='ltr'>privatis</span> <span class='ocrx_word' id='word_1_168' title='bbox 553 3221 684 3288; x_wconf 89' lang='lat' dir='ltr'>auditus</span> <span class='ocrx_word' id='word_1_169' title='bbox 720 3221 926 3302; x_wconf 86' lang='lat' dir='ltr'>reddebatur,</span> <span class='ocrx_word' id='word_1_170' title='bbox 967 3221 1129 3288; x_wconf 90' lang='lat' dir='ltr'>debilibus</span> <span class='ocrx_word' id='word_1_171' title='bbox 1166 3223 1272 3288; x_wconf 92' lang='lat' dir='ltr'>virtus</span> 
     </span>
     <span class='ocr_line' id='line_1_24' title="bbox 227 3325 1272 3404; baseline -0.002 -12"><span class='ocrx_word' id='word_1_172' title='bbox 227 3327 343 3392; x_wconf 89' lang='lat' dir='ltr'>amissa</span> <span class='ocrx_word' id='word_1_173' title='bbox 368 3325 604 3392; x_wconf 84' lang='lat' dir='ltr'>reformabatur</span> <span class='ocrx_word' id='word_1_174' title='bbox 624 3329 661 3404; x_wconf 87' lang='lat' dir='ltr'>et</span> <span class='ocrx_word' id='word_1_175' title='bbox 688 3347 781 3388; x_wconf 91' lang='lat' dir='ltr'>omne</span> <span class='ocrx_word' id='word_1_176' title='bbox 805 3325 847 3388; x_wconf 91' lang='lat' dir='ltr'>ab</span> <span class='ocrx_word' id='word_1_177' title='bbox 868 3325 924 3390; x_wconf 86' lang='lat' dir='ltr'>eis.</span> <span class='ocrx_word' id='word_1_178' title='bbox 941 3325 1159 3390; x_wconf 85' lang='lat' dir='ltr'>infortunium</span> <span class='ocrx_word' id='word_1_179' title='bbox 1185 3347 1272 3390; x_wconf 90' lang='lat' dir='ltr'>amo-</span> 
     </span>
     <span class='ocr_line' id='line_1_25' title="bbox 227 3427 1279 3512; baseline -0.002 -20"><span class='ocrx_word' id='word_1_180' title='bbox 227 3431 371 3494; x_wconf 88' lang='lat' dir='ltr'>vebatur.</span> <span class='ocrx_word' id='word_1_181' title='bbox 426 3429 459 3494; x_wconf 92' lang='lat' dir='ltr'>N</span> <span class='ocrx_word' id='word_1_182' title='bbox 461 3449 496 3494; x_wconf 92' lang='lat' dir='ltr'>ec</span> <span class='ocrx_word' id='word_1_183' title='bbox 519 3429 622 3494; x_wconf 91' lang='lat' dir='ltr'>solum</span> <span class='ocrx_word' id='word_1_184' title='bbox 650 3427 690 3492; x_wconf 90' lang='lat' dir='ltr'>ab</span> <span class='ocrx_word' id='word_1_185' title='bbox 721 3427 933 3492; x_wconf 87' lang='lat' dir='ltr'>incommodis</span> <span class='ocrx_word' id='word_1_186' title='bbox 965 3427 1179 3492; x_wconf 86' lang='lat' dir='ltr'>exterioribus</span> <span class='ocrx_word' id='word_1_187' title='bbox 1215 3449 1279 3512; x_wconf 87' lang='lat' dir='ltr'>per</span> 
     </span>
     <span class='ocr_line' id='line_1_26' title="bbox 226 3531 1272 3616; baseline -0.002 -20"><span class='ocrx_word' id='word_1_188' title='bbox 226 3533 294 3616; x_wconf 87' lang='lat' dir='ltr'>ejus</span> <span class='ocrx_word' id='word_1_189' title='bbox 318 3533 435 3596; x_wconf 85' lang='lat' dir='ltr'>merita</span> <span class='ocrx_word' id='word_1_190' title='bbox 458 3531 627 3596; x_wconf 90' lang='lat' dir='ltr'>consilium</span> <span class='ocrx_word' id='word_1_191' title='bbox 653 3531 869 3608; x_wconf 89' lang='lat' dir='ltr'>obtinebatur,</span> <span class='ocrx_word' id='word_1_192' title='bbox 886 3551 1001 3594; x_wconf 88' lang='lat' dir='ltr'>verum</span> <span class='ocrx_word' id='word_1_193' title='bbox 1025 3533 1058 3594; x_wconf 91' lang='grc'>01</span> <span class='ocrx_word' id='word_1_194' title='bbox 1081 3531 1272 3594; x_wconf 80' lang='grc'>0111110110-</span> 
     </span>
     <span class='ocr_line' id='line_1_27' title="bbox 225 3631 1270 3700; baseline 0 -4"><span class='ocrx_word' id='word_1_195' title='bbox 225 3635 314 3700; x_wconf 93' lang='lat' dir='ltr'>ribus</span> <span class='ocrx_word' id='word_1_196' title='bbox 342 3635 525 3700; x_wconf 87' lang='lat' dir='ltr'>animarum</span> <span class='ocrx_word' id='word_1_197' title='bbox 555 3633 876 3698; x_wconf 88' lang='lat' dir='ltr'>incommoditatibus</span> <span class='ocrx_word' id='word_1_198' title='bbox 909 3635 1070 3696; x_wconf 85' lang='lat' dir='ltr'>auxilium</span> <span class='ocrx_word' id='word_1_199' title='bbox 1109 3631 1270 3698; x_wconf 89' lang='lat' dir='ltr'>divinitus</span> 
     </span>
     <span class='ocr_line' id='line_1_28' title="bbox 199 3735 1271 3824; baseline -0.006 -22"><span class='ocrx_word' id='word_1_200' title='bbox 199 3737 469 3824; x_wconf 85' lang='lat' dir='ltr'>adipiscebatur.</span> <span class='ocrx_word' id='word_1_201' title='bbox 527 3735 632 3822; x_wconf 84' lang='lat' dir='ltr'>Super</span> <span class='ocrx_word' id='word_1_202' title='bbox 667 3735 717 3798; x_wconf 91' lang='lat' dir='ltr'>his</span> <span class='ocrx_word' id='word_1_203' title='bbox 750 3757 826 3822; x_wconf 81' lang='lat' dir='ltr'>ergo</span> <span class='ocrx_word' id='word_1_204' title='bbox 858 3735 921 3798; x_wconf 90' lang='lat' dir='ltr'>viri</span> <span class='ocrx_word' id='word_1_205' title='bbox 949 3735 1053 3800; x_wconf 91' lang='lat' dir='ltr'>sancti</span> <span class='ocrx_word' id='word_1_206' title='bbox 1089 3735 1178 3800; x_wconf 86' lang='lat' dir='ltr'>fama</span> <span class='ocrx_word' id='word_1_207' title='bbox 1212 3757 1271 3822; x_wconf 89' lang='lat' dir='ltr'>per</span> 
     </span>
     <span class='ocr_line' id='line_1_29' title="bbox 224 3837 1269 3926; baseline 0 -24"><span class='ocrx_word' id='word_1_208' title='bbox 224 3839 363 3926; x_wconf 87' lang='lat' dir='ltr'>patriam</span> <span class='ocrx_word' id='word_1_209' title='bbox 391 3839 571 3926; x_wconf 82' lang='lat' dir='ltr'>divulgata,</span> <span class='ocrx_word' id='word_1_210' title='bbox 601 3837 643 3902; x_wconf 90' lang='lat' dir='ltr'>ad</span> <span class='ocrx_word' id='word_1_211' title='bbox 671 3839 879 3924; x_wconf 89' lang='lat' dir='ltr'>impetranda</span> <span class='ocrx_word' id='word_1_212' title='bbox 895 3843 976 3920; x_wconf 90' lang='lat' dir='ltr'>tam</span> <span class='ocrx_word' id='word_1_213' title='bbox 1003 3839 1143 3926; x_wconf 92' lang='lat' dir='ltr'>corporis</span> <span class='ocrx_word' id='word_1_214' title='bbox 1171 3859 1269 3924; x_wconf 89' lang='lat' dir='ltr'>quam</span> 
     </span>
     <span class='ocr_line' id='line_1_30' title="bbox 223 3941 1269 4026; baseline 0 -22"><span class='ocrx_word' id='word_1_215' title='bbox 223 3941 339 4008; x_wconf 84' lang='lat' dir='ltr'>animae</span> <span class='ocrx_word' id='word_1_216' title='bbox 364 3941 507 4006; x_wconf 89' lang='lat' dir='ltr'>remedia</span> <span class='ocrx_word' id='word_1_217' title='bbox 533 3941 717 4026; x_wconf 81' lang='lat' dir='ltr'>frequentia</span> <span class='ocrx_word' id='word_1_218' title='bbox 742 3941 935 4026; x_wconf 88' lang='lat' dir='ltr'>populorum</span> <span class='ocrx_word' id='word_1_219' title='bbox 951 3941 993 4004; x_wconf 90' lang='lat' dir='ltr'>ad</span> <span class='ocrx_word' id='word_1_220' title='bbox 1010 3941 1148 4004; x_wconf 82' lang='lat' dir='ltr'>eundern</span> <span class='ocrx_word' id='word_1_221' title='bbox 1163 3941 1269 4004; x_wconf 90' lang='lat' dir='ltr'>locum</span> 
     </span>
     <span class='ocr_line' id='line_1_31' title="bbox 223 4041 1268 4128; baseline 0 -22"><span class='ocrx_word' id='word_1_222' title='bbox 223 4043 363 4118; x_wconf 86' lang='lat' dir='ltr'>veniens,</span> <span class='ocrx_word' id='word_1_223' title='bbox 389 4043 495 4106; x_wconf 90' lang='lat' dir='ltr'>multa</span> <span class='ocrx_word' id='word_1_224' title='bbox 519 4043 834 4128; x_wconf 57' lang='lat' dir='ltr'>ipsum‘oelebritate</span> <span class='ocrx_word' id='word_1_225' title='bbox 861 4043 958 4128; x_wconf 86' lang='lat' dir='ltr'>longe</span> <span class='ocrx_word' id='word_1_226' title='bbox 985 4043 1117 4128; x_wconf 88' lang='lat' dir='ltr'>lateque</span> <span class='ocrx_word' id='word_1_227' title='bbox 1142 4043 1178 4104; x_wconf 90' lang='lat' dir='ltr'>in</span> <span class='ocrx_word' id='word_1_228' title='bbox 1193 4041 1268 4106; x_wconf 93' lang='lat' dir='ltr'>sub-</span> 
     </span>
     <span class='ocr_line' id='line_1_32' title="bbox 221 4145 1267 4232; baseline 0 -24"><span class='ocrx_word' id='word_1_229' title='bbox 221 4145 297 4210; x_wconf 90' lang='lat' dir='ltr'>lime</span> <span class='ocrx_word' id='word_1_230' title='bbox 323 4145 506 4224; x_wconf 90' lang='lat' dir='ltr'>attollebat,</span> <span class='ocrx_word' id='word_1_231' title='bbox 533 4145 574 4210; x_wconf 90' lang='lat' dir='ltr'>ad</span> <span class='ocrx_word' id='word_1_232' title='bbox 599 4145 735 4232; x_wconf 82' lang='lat' dir='ltr'>gloriam</span> <span class='ocrx_word' id='word_1_233' title='bbox 764 4151 809 4208; x_wconf 51' lang='lat' dir='ltr'>et¹</span> <span class='ocrx_word' id='word_1_234' title='bbox 822 4145 952 4210; x_wconf 90' lang='lat' dir='ltr'>laudem</span> <span class='ocrx_word' id='word_1_235' title='bbox 977 4145 1086 4232; x_wconf 79' lang='lat' dir='ltr'>ipsius</span> <span class='ocrx_word' id='word_1_236' title='bbox 1112 4145 1267 4224; x_wconf 77' lang='lat' dir='ltr'>Quicum</span> 
     </span>
     <span class='ocr_line' id='line_1_33' title="bbox 224 4247 1266 4334; baseline -0.002 -22"><span class='ocrx_word' id='word_1_237' title='bbox 224 4247 321 4312; x_wconf 85' lang='lat' dir='ltr'>Patre</span> <span class='ocrx_word' id='word_1_238' title='bbox 345 4255 378 4312; x_wconf 90' lang='lat' dir='ltr'>et</span> <span class='ocrx_word' id='word_1_239' title='bbox 403 4247 530 4332; x_wconf 81' lang='lat' dir='ltr'>Spiritu</span> <span class='ocrx_word' id='word_1_240' title='bbox 555 4247 675 4314; x_wconf 82' lang='lat' dir='ltr'>Sancto</span> <span class='ocrx_word' id='word_1_241' title='bbox 701 4247 787 4312; x_wconf 92' lang='lat' dir='ltr'>vivit</span> <span class='ocrx_word' id='word_1_242' title='bbox 812 4253 845 4312; x_wconf 88' lang='lat' dir='ltr'>et</span> <span class='ocrx_word' id='word_1_243' title='bbox 868 4253 985 4334; x_wconf 84' lang='lat' dir='ltr'>regnat</span> <span class='ocrx_word' id='word_1_244' title='bbox 1014 4247 1104 4312; x_wconf 91' lang='lat' dir='ltr'>Deus</span> <span class='ocrx_word' id='word_1_245' title='bbox 1126 4267 1184 4332; x_wconf 91' lang='lat' dir='ltr'>per</span> <span class='ocrx_word' id='word_1_246' title='bbox 1200 4269 1266 4310; x_wconf 87' lang='lat' dir='ltr'>om-</span> 
     </span>
    </p>
   </div>
   <div class='ocr_carea' id='block_1_6' title="bbox 383 4435 1263 4444">
    <p class='ocr_par' dir='ltr' id='par_1_10' title="bbox 383 4435 1263 4444">
     <span class='ocr_line' id='line_1_34' title="bbox 383 4435 1263 4444; baseline 0 -2"><span class='ocrx_word' id='word_1_247' title='bbox 383 4435 387 4442; x_wconf 76' lang='lat'><em>.</em></span> <span class='ocrx_word' id='word_1_248' title='bbox 407 4437 434 4442; x_wconf 87' lang='lat'>.-.</span> <span class='ocrx_word' id='word_1_249' title='bbox 437 4437 584 4442; x_wconf 68' lang='lat'><em>..—--.---.--</em></span> <span class='ocrx_word' id='word_1_250' title='bbox 588 4439 920 4444; x_wconf 66' lang='lat'><em>—.-.....-.-.-.-.-.—.-.----..-</em></span> <span class='ocrx_word' id='word_1_251' title='bbox 923 4439 941 4444; x_wconf 89' lang='lat'>.-.</span> <span class='ocrx_word' id='word_1_252' title='bbox 944 4437 998 4442; x_wconf 84' lang='lat'><em>—-.-</em></span> <span class='ocrx_word' id='word_1_253' title='bbox 1002 4437 1240 4444; x_wconf 69' lang='lat'><em>.—..-.-.-——.--.-...·-.....—.</em></span> <span class='ocrx_word' id='word_1_254' title='bbox 1249 4439 1263 4442; x_wconf 89' lang='grc'>.-</span> 
     </span>
    </p>
   </div>
   <div class='ocr_carea' id='block_1_7' title="bbox 222 4545 1265 4766">
    <p class='ocr_par' dir='ltr' id='par_1_11' title="bbox 222 4545 1265 4766">
     <span class='ocr_line' id='line_1_35' title="bbox 254 4545 1265 4612; baseline 0.002 -16"><span class='ocrx_word' id='word_1_255' title='bbox 254 4547 417 4598; x_wconf 83' lang='lat' dir='ltr'>¹Ecclesiam</span> <span class='ocrx_word' id='word_1_256' title='bbox 434 4547 579 4610; x_wconf 86' lang='lat' dir='ltr'>fecitquam</span> <span class='ocrx_word' id='word_1_257' title='bbox 596 4545 718 4596; x_wconf 85' lang='grc'>1111110111-</span> <span class='ocrx_word' id='word_1_258' title='bbox 796 4547 945 4612; x_wconf 55' lang='lat' dir='ltr'>medam]</span> <span class='ocrx_word' id='word_1_259' title='bbox 981 4549 1120 4600; x_wconf 83' lang='lat' dir='ltr'>moderans.</span> <span class='ocrx_word' id='word_1_260' title='bbox 1162 4547 1265 4610; x_wconf 85' lang='lat' dir='ltr'>Leland,</span> 
     </span>
     <span class='ocr_line' id='line_1_36' title="bbox 223 4623 822 4686; baseline -0.003 -10"><span class='ocrx_word' id='word_1_261' title='bbox 223 4635 281 4676; x_wconf 88' lang='lat' dir='ltr'>cunt</span> <span class='ocrx_word' id='word_1_262' title='bbox 293 4627 440 4676; x_wconf 86' lang='lat' dir='ltr'>Eovesham.</span> <span class='ocrx_word' id='word_1_263' title='bbox 472 4625 587 4686; x_wconf 81' lang='lat' dir='ltr'>Goduin,</span> <span class='ocrx_word' id='word_1_264' title='bbox 598 4625 638 4674; x_wconf 88' lang='lat' dir='ltr'>De</span> <span class='ocrx_word' id='word_1_265' title='bbox 650 4627 718 4674; x_wconf 87' lang='lat' dir='ltr'>Prae-</span> <span class='ocrx_word' id='word_1_266' title='bbox 763 4623 822 4674; x_wconf 83' lang='lat' dir='ltr'>ibid.</span> 
     </span>
     <span class='ocr_line' id='line_1_37' title="bbox 222 4703 684 4766; baseline -0.004 -12"><span class='ocrx_word' id='word_1_267' title='bbox 222 4705 266 4754; x_wconf 89' lang='lat' dir='ltr'>sul.</span> <span class='ocrx_word' id='word_1_268' title='bbox 280 4727 285 4766; x_wconf 87' lang='lat'>;</span> <span class='ocrx_word' id='word_1_269' title='bbox 304 4705 409 4766; x_wconf 84' lang='lat' dir='ltr'>Leland,</span> <span class='ocrx_word' id='word_1_270' title='bbox 422 4703 587 4762; x_wconf 83' lang='lat' dir='ltr'>Collectanea‚</span> <span class='ocrx_word' id='word_1_271' title='bbox 600 4703 615 4752; x_wconf 92' lang='lat' dir='ltr'>i.</span> <span class='ocrx_word' id='word_1_272' title='bbox 629 4709 684 4752; x_wconf 84' lang='lat'>300.</span> 
     </span>
    </p>
   </div>
   <div class='ocr_carea' id='block_1_8' title="bbox 0 0 1654 5666">
    <p class='ocr_par' dir='ltr' id='par_1_12' title="bbox 0 0 1654 5666">
     <span class='ocr_line' id='line_1_38' title="bbox 0 0 1654 5666; baseline 0 7"><span class='ocrx_word' id='word_1_273' title='bbox 0 0 1654 5666; x_wconf 95' lang='lat' dir='ltr'> </span> 
     </span>
    </p>
   </div>
  </div>
 </body>
</html>
