3300 5666
441 739 644 830 ouaouroos
658 737 824 794 vsumna
846 741 893 792 na
916 739 1089 796 nvasum.¹
1242 729 1286 794 w31

248 929 339 986 vitam
357 929 388 986 in
407 929 539 1000 ejusdem
557 929 734 1000 depositione
752 929 904 1000 legendam
923 947 975 1002 pro
994 929 1133 1000 temporis
1153 929 1289 1002 qualitate

246 1015 360 1072 earitati
377 1019 483 1070 vestrae
511 1013 650 1086 prolixius
675 1007 919 1086 transcripsimus,
945 1031 1020 1068 nuno
1044 1013 1141 1084 aliqua
1165 1013 1199 1070 de
1226 1013 1290 1086 ejus

245 1098 380 1170 operibus
406 1103 435 1174 et
452 1097 600 1156 miraculis
613 1099 644 1152 in
661 1097 724 1168 ejus
743 1099 928 1166 translatione
947 1097 1070 1168 legenda
1082 1097 1290 1170 protemporis
1354 1143 1356 1148 ,

244 1177 378 1252 angustia
407 1180 534 1238 breviter
563 1181 801 1254 perstringemus.
857 1183 965 1238 Beatus
999 1181 1112 1252 itaque,
1135 1175 1290 1254 Eogrrinus
1340 1171 1342 1174 ¹

245 1265 414 1338 episcopalis
440 1265 525 1322 offioii
550 1281 619 1322 eura
638 1271 779 1336 suscepta,
804 1285 862 1320 non
879 1271 939 1322 tam
956 1267 1093 1326 honorem
1112 1283 1198 1336 quam
1217 1283 1289 1320 onus

243 1367 275 1408 se
295 1349 456 1422 suscepisse
475 1349 650 1422 intelligens,
671 1349 765 1424 magis
785 1349 922 1422 prodesse
941 1349 1170 1422 quampraeesse
1189 1367 1290 1404 eonon-

245 1433 338 1506 pivit3
358 1433 446 1488 immo
463 1433 556 1506 magis
569 1433 732 1506 operarium
750 1433 780 1490 in
797 1435 881 1490 horto
894 1435 1044 1490 Dominioo
1058 1451 1088 1490 se
1101 1433 1290 1490 constitutum
1395 1505 1396 1508 Ἴ
1435 1457 1436 1460 ¹

156 1521 157 1524 ’
245 1517 380 1594 cognovit
392 1523 426 1572 ut
443 1523 612 1594 operaretur
625 1523 654 1572 et
672 1517 831 1574 custodiret
841 1517 924 1574 illud.

674 1855 779 1910 Laenio
798 1853 856 1910 III.

280 2045 414 2106 Exsoluit
437 2045 529 2118 igitur
553 2044 654 2102 beatus
678 2045 834 2118 Eogwmus
858 2045 975 2102 hortum
995 2045 1179 2120 Dominiourn
1196 2063 1288 2102 remo·

243 2129 336 2202 vendo
354 2131 456 2186 nociva
474 2135 503 2186 et
511 2131 686 2202 ..apponendo
704 2133 797 2198 utilia,
819 2133 894 2188 siout
918 2131 1059 2186 Dominus
1084 2131 1170 2188 dioit:
1202 2133 1287 2196 Eece,
1302 2141 1354 2192 ὅθι,
1366 2139 1382 2190 i,
1397 2145 1435 2190 ιο,

243 2215 346 2284 inquit,
372 2213 458 2286 posui
481 2219 510 2268 te
528 2219 561 2268 ut
580 2215 702 2286 dissipes
730 2221 759 2270 et
782 2215 889 2272 evellas
914 2219 943 2270 et
967 2215 1090 2270 aedifices
1119 2219 1148 2268 et
1166 2215 1287 2286 plantes.

243 2297 373 2370 Dissipes
388 2303 417 2352 et
434 2295 541 2356 evellas
554 2299 633 2364 vitia,
655 2299 777 2354 aedifices
803 2305 831 2354 et
852 2299 964 2370 plantes
984 2299 1117 2354 virtutes.
1157 2297 1288 2370 Dissipes

242 2382 358 2438 arbores
376 2381 577 2446 infructuosas,
599 2381 705 2438 evellas
723 2384 827 2439 herbas
852 2381 979 2438 inutiles.
1018 2381 1153 2438 AEdiliees
1173 2382 1288 2438 arbores

243 2467 414 2532 fructuosas,
441 2467 554 2538 plantas
584 2466 688 2522 herbas
719 2465 815 2524 utiles.
865 2465 912 2522 Sio
933 2473 972 2538 get
1002 2466 1102 2522 beatus
1133 2465 1288 2538 hlogairms

244 2549 400 2620 assumpsit
429 2567 509 2606 arma
533 2549 699 2622 dissipandi,
721 2551 846 2606 securim
869 2547 1005 2608 videlieet
1028 2551 1137 2622 asperae‘
1161 2551 1290 2622 inorepa-
1330 2591 1331 2594 η

143 2657 144 2660 ¹
242 2633 338 2696 tionis,
353 2639 382 2686 et
400 2635 497 2704 posuit
510 2651 572 2688 eam
591 2635 627 2690 ad
644 2633 772 2690 radicem
792 2632 1125 2698 arborisyinfruotuosa·
1139 2637 1168 2688 et
1186 2627 1289 2688 saloein

243 2723 357 2772 acutam
368 2721 402 2772 ut
413 2717 516 2772 herbas
535 2719 651 2774 nocivas
664 2717 838 2782 eradicarem
859 2723 893 2772 ut
903 2735 956 2786 pro
975 2717 1104 2774 salimroa
1122 2717 1289 2772 ascenderet
1302 2719 1335 2770 Is.
1346 2719 1380 2768 lv.
1394 2725 1434 2770 13,’

236 2800 321 2862 ,abies
335 2807 364 2854 et
375 2817 427 2870 pro
440 2801 534 2876 urtica
545 2807 687 2876 eresoeret
700 2807 821 2870 myrtus.
858 2799 981 2872 Aooepit
999 2801 1086 2856 etiarn
1098 2801 1289 2854 instrumenta

205 2955 206 2958 Ἴ
240 2881 414 2948 aedificandi,
428 2885 607 2954 putatorium
619 2884 756 2940 videlieet
776 2877 853 2940 verae
873 2873 1069 2940 instructionis
1088 2887 1118 2938 et
1134 2873 1289 2938 fossorium

243 2968 438 3024 saluberrima
452 2967 661 3034 admonitionis,
683 2973 712 3024 et
723 2987 793 3024 usus
807 2975 851 3024 est
863 2975 995 3040 potenter
1007 2987 1092 3040 opere
1106 2973 1135 3022 et
1148 2985 1287 3032 sermone,

243 3059 359 3108 secutus
378 3053 481 3108 desum
500 3053 555 3122 Qui
574 3053 662 3124 obepit
677 3057 774 3108 -saoere
793 3059 822 3110 et
840 3053 951 3108 dooere.
995 3055 996 3058 ’

534 3395 536 3398 ¹
625 3481 626 3484 ,
669 3429 782 3496 ¹Latmo
800 3429 854 3486 IV.

237 3671 238 3674 η
280 3625 372 3682 Soivit
388 3641 512 3696 namque
531 3626 635 3682 beatus
656 3625 812 3698 Eogwinus
828 3625 899 3698 quia
918 3625 969 3696 qui
993 3625 1094 3682 feeerit
1113 3631 1142 3682 et
1160 3627 1291 3684 docuerit
1303 3633 1338 3684 St.
1350 3633 1447 3684 Maur

242 3707 283 3764 sio
295 3711 425 3764 homines
438 3711 485 3766 hio
497 3729 619 3780 magnus
632 3710 782 3765 vocabitur
794 3711 824 3764 in
836 3727 925 3778 regno
938 3710 1086 3774 coelorum,
1101 3715 1130 3764 et
1143 3711 1193 3780 qui
1225 3729 1290 3766 arce
1305 3707 1342 3752 19·
1403 3769 1409 3782 ‚

243 3793 366 3846 seminat
377 3809 462 3862 paros
475 3797 504 3846 et
516 3797 612 3858 metet,
627 3799 656 3848 et
676 3793 726 3862 qui
746 3793 870 3848 seminat
882 3793 911 3848 iu
929 3792 1136 3856 benedictione,
1158 3791 1193 3846 de
1205 3793 1290 3848 bene·
1304 3773 1320 3882 Ξ
1332 3767 1387 3818 0⁰³
1401 3785 1436 3818 lx·

242 3875 415 3932 dictionibus
433 3881 523 3932 metet
540 3875 672 3932 invitam
691 3881 836 3932 aeternam.
876 3875 934 3932 Sed
945 3877 1021 3932 beati
1034 3877 1090 3932 viri
1103 3893 1201 3932 semen
1213 3877 1293 3934 aliud
1322 3871 1327 3884 ⁸

242 3959 347 4016 eeeidit
371 3977 453 4014 secus
472 3961 550 4016 viam
571 3965 601 4014 et
620 3959 801 4016 oonsuloatus
827 3965 880 4026 est,
906 3965 936 4014 et
953 3961 1085 4016 volueres
1108 3961 1174 4018 oceli
1198 3977 1290 4016 eome-
1304 3925 1425 4046 {ilfiLffie

245 4043 349 4098 derunt
366 4043 450 4098 illud.
488 4043 528 4098 hlt
548 4043 628 4100 aliud
647 4043 752 4098 eeeidit
773 4061 860 4114 super
884 4049 996 4116 petram
1014 4049 1052 4098 et
1078 4049 1178 4098 natum
1202 4045 1287 4110 aruit,
1351 4031 1356 4042 ⁶
1419 4037 1424 4046 '

244 4127 312 4198 quia
334 4145 392 4182 non
415 4127 538 4182 habebat
560 4129 720 4184 humorem.
759 4127 797 4182 Et
821 4127 901 4182 aliud
920 4121 1024 4182 oeoidit
1042 4127 1116 4180 inter
1135 4127 1241 4196 spinas,
1262 4133 1292 4182 et

243 4211 330 4266 simul
351 4215 457 4266 exorta
482 4211 570 4282 spinae
591 4211 802 4266 suffooaverunt
820 4211 903 4266 illud.
951 4211 1122 4282 Expectarit
1144 4215 1241 4264 tamen
1258 4217 1292 4276 ut
1304 4213 1336 4266 Is.
1349 4231 1372 4266 v.
1385 4223 1407 4270 2.

238 4295 351 4352 faceret
375 4301 455 4360 uvas,
480 4295 548 4352 feeit
572 4301 669 4350 autem
687 4294 853 4360 labruscas;
887 4297 916 4348 et
940 4299 1018 4348 terra
1041 4292 1117 4348 mala
1142 4293 1237 4364 spinas
1263 4299 1292 4348 et
1325 4311 1327 4314 ·

242 4379 364 4434 tribulos
389 4377 510 4450 protulit
534 4379 571 4442 ei‚'
597 4385 626 4434 et
644 4379 729 4434 vinea
753 4397 814 4444 sua,
842 4397 979 4434 oonversa
1002 4379 1033 4430 in
1058 4377 1289 4442 amaritudinem,

245 4463 330 4518 odore
349 4463 402 4518 s'uo
420 4463 495 4518 malo
515 4481 532 4518 a
552 4461 626 4516 oolla
643 4463 755 4518 vinaria
775 4481 841 4518 eum
861 4461 979 4532 expulit.
1019 4459 1129 4528 Videas
1142 4461 1232 4532 igitur
1245 4463 1291 4518 vir

244 4553 358 4602 sanetus
383 4547 451 4618 quia
473 4547 527 4602 hoo
551 4565 643 4618 genus
662 4545 795 4602 damonii
818 4565 875 4602 non
897 4547 954 4602 nisi
975 4547 1086 4618 jejunio
1109 4553 1137 4600 et
1164 4547 1290 4602 oratione
1305 4557 1425 4614 SaMatt,

243 4629 366 4698 ejicitur,
382 4627 417 4682 de
429 4631 596 4700 episcopatu
617 4649 773 4688 conversus
792 4635 837 4686 ast
854 4631 1025 4698 inexilium,
1041 4631 1076 4688 de
1089 4631 1291 4702 praedieatione
1305 4625 1366 4676 xvii·
1379 4629 1397 4676 2‘

243 4713 278 4764 in
296 4715 565 4784 peregrinationem
658 4745 659 4748 =
726 4743 729 4748 ,
752 4737 753 4740 ¹
