3300 5666
1100 697 1107 728 l

321 787 363 858 70
518 807 716 858 onnoruoou
738 807 896 856 renarra
920 809 965 854 na
989 803 1158 854 avnsunu.

324 1013 437 1054 eorum
460 997 554 1076 gesta
584 991 671 1074 stylo
702 989 926 1054 commendare
950 991 1085 1076 dignum
1117 989 1279 1070 duximus,
1306 1013 1365 1054 nec

326 1113 393 1156 non
416 1097 449 1156 et
473 1115 584 1156 eorum
599 1091 664 1176 'qui
694 1091 836 1174 ejusdem
860 1091 1113 1156 ecclesia-bona
1139 1093 1365 1158 distraxerunt

328 1195 498 1260 malefacta
520 1193 755 1274 denotabimus,
778 1199 818 1258 ut
839 1215 900 1258 nos
922 1196 1081 1259 bonorum
1099 1195 1256 1280 exemplis
1269 1195 1368 1258 infor-

329 1295 411 1360 mati
426 1319 446 1358 a
467 1295 562 1358 malis
584 1295 669 1360 maie
692 1295 835 1360 alienata
858 1317 1010 1362 revocare
1032 1299 1229 1376 studeamus,
1246 1301 1279 1362 et
1295 1321 1367 1382 quae

329 1398 371 1461 ab
395 1397 440 1460 eis
462 1397 593 1462 fuerunt
618 1397 762 1484 dispersa
784 1419 979 1484 congregare
1001 1399 1155 1464 nitamur.
1202 1397 1256 1460 Ad
1282 1399 1369 1484 quod

336 1499 518 1564 iaciendum
564 1503 658 1564 tanto
700 1499 826 1566 facilius
874 1501 1121 1586 provocabimur
1164 1505 1198 1564 et
1250 1501 1369 1566 arctius

331 1601 555 1686 astringemus,
587 1607 708 1686 quanto
744 1603 846 1688 magis
883 1601 919 1666 in
949 1603 1128 1688 periculum
1158 1603 1274 1666 animae
1305 1625 1371 1668 suae

332 1703 419 1788 ipsos
449 1723 486 1766 ea
515 1703 634 1784 fecisse,
673 1709 706 1772 et
738 1725 1026 1790 possessoresnon
1048 1703 1157 1768 minus
1186 1703 1370 1790 periculose,

334 1805 432 1870 immo
465 1807 676 1892 perniciosius
698 1811 732 1872 et
761 1807 865 1892 magis
887 1805 1044 1892 injuriose
1073 1811 1106 1870 et
1125 1805 1207 1872 sine
1236 1807 1371 1886 ratione,

335 1929 373 1970 ea
395 1909 563 1994 possidere,
587 1911 839 1996 cognoverimus.

574 2093 577 2100 Δ
683 2117 834 2204 Explicit
852 2117 1019 2204 prologus.

817 2305 903 2320 uqa-—

648 2701 782 2790 Incipit
796 2701 907 2770 'Liber
928 2703 1068 2786 Tertiam,

342 2883 391 2948 Dc
421 2879 660 2950 constitutione
698 2881 953 2948 Eooslroaucasio
984 2879 1136 2964 coenobii,
1172 2891 1202 2948 ct
1241 2881 1383 2966 tonosco-

375 3011 381 3024 ·
428 2983 557 3050 toribus
596 2991 626 3050 ot
662 2983 934 3068 malefactoribus
964 2977 993 3068 ct
1023 2983 1198 3052 abbatibus
1235 2983 1383 3072 ejusdcm

430 3085 575 3166 coelectos,
591 3095 621 3152 ot
635 3087 789 3172 operibus
812 3111 929 3154 coram
945 3089 1041 3156 bouis
1061 3087 1218 3164 atraciis,
1235 3087 1383 3154 collectus

431 3197 460 3256 ct
489 3189 692 3274 compositus
722 3213 744 3256 o
776 3191 902 3258 rhoea
935 3191 1053 3276 priore
1093 3189 1313 3256 Ewcstaruioa
1349 3211 1386 3254 oc

431 3291 540 3358 cuciis
563 3291 665 3358 cortis
688 3299 716 3358 ct
737 3293 874 3380 scriptis
896 3299 925 3360 ct
947 3293 1053 3378 foetis
1075 3291 1275 3380 manifestis.

191 3515 324 3608 antra.
391 3511 487 3578 Anno
503 3513 606 3600 igitur
632 3515 673 3578 ab
695 3513 920 3578 incarnatione
943 3511 1079 3598 Domini
1100 3513 1387 3600 septingentesimo

181 3599 334 3728 {gffige'
347 3617 587 3704 quartodecimo
625 3623 755 3684 sanctus
801 3641 837 3682 ac
882 3617 953 3680 Deo
993 3617 1203 3704 dignissimus
1251 3617 1388 3682 antistes

181 3721 535 3806 seeofwor-Ecguuinus
578 3725 752 3806 postquam
791 3719 958 3786 ecclesiam
988 3717 1239 3804 Wigornensem
1283 3717 1389 3784 veluti

180 3799 319 3914 ζξξξζεᾝᾱ
349 3827 458 3910 pastor
479 3821 585 3888 bonus
608 3823 727 3888 tertius
753 3821 984 3910 gloriosissime
1007 3827 1145 3900 rexerat,
1169 3821 1390 3886 sextodecimo

182 3931 337 4010 Hethonne
349 3925 550 4010 episcopatus
566 3925 616 3988 sui
632 3945 726 4004 anno,
744 3947 846 4012 quum
860 3925 958 4010 longo
983 3921 1146 3988 confectus
1161 3923 1276 3988 fuisset
1292 3925 1390 4004 senio,

182 3999 339 4118 gpfflpu
350 4027 520 4114 praefatarn
535 4027 644 4092 sedem
659 4027 880 4114 pontificalem
902 4047 945 4090 ex
959 4031 1031 4092 toto
1048 4025 1190 4112 reliquit,
1212 4027 1391 4104 constituto

144 4163 146 4182 ι
183 4135 246 4184 him.
351 4151 409 4216 pro
438 4149 483 4208 eo,
508 4131 684 4196 secundum
707 4151 802 4194 suum
824 4131 908 4196 velie
931 4133 963 4192 et
990 4127 1190 4206 eiectionem,
1215 4131 1393 4196 venerabili

351 4233 422 4296 uiro
445 4229 598 4296 Wilfiido
623 4231 777 4320 episcopo.
834 4231 889 4294 Ad
911 4231 1018 4296 iocum
1040 4231 1142 4296 istum
1175 4231 1329 4316 primitus
1351 4233 1393 4296 ab

352 4357 391 4400 eo
416 4333 600 4398 Eoveslram
623 4333 834 4420 appeliatum,
858 4355 954 4420 quern
986 4333 1113 4418 (Sancti
1137 4331 1282 4418 Spiritus
1304 4355 1395 4398 reve-

352 4435 474 4502 latione
505 4439 538 4502 et
575 4435 772 4502 beatissima
803 4435 868 4500 Dei
898 4435 1073 4502 Genitricis
1095 4457 1220 4520 semper
1250 4435 1395 4522 Virginis

354 4537 469 4604 Mariae
490 4537 663 4604 manifesta
684 4539 886 4624 apparitione
908 4537 1131 4622 confortatus)
1149 4537 1396 4624 diligentissime

355 4641 480 4730 primns
521 4643 556 4706 in
596 4641 718 4706 honore
757 4641 860 4728 ipsius
903 4643 1095 4728 angelorum
1139 4645 1174 4706 et
1226 4641 1396 4706 hominnm

356 4745 477 4832 reginae
506 4767 562 4830 per
584 4763 642 4808 sex
664 4765 767 4808 annos
790 4749 1028 4830 construxerat,
1060 4749 1171 4808 rnente
1200 4749 1235 4808 et
1264 4765 1397 4832 corpore
