3300 5666
375 839 379 844 .
452 795 650 854 canonicos
672 801 831 852 arsurus
854 803 900 850 nn
923 801 1091 858 nvusrrnn.
1249 789 1288 852 69

467 1437 468 1440 Ν
573 1349 725 1436 [arnna
749 1349 969 1438 marrus]

680 1505 855 1520 Ἠ

494 1763 496 1768 ,
596 1707 798 1774 Psurrouas
821 1707 944 1774 Parus.

727 1859 815 1874 m

488 2033 624 2122 Incipit
649 2035 811 2122 prolouas
842 2033 925 2102 lton
954 2033 1056 2102 tcrta'c'.

296 2195 348 2262 Ne
369 2199 530 2262 bonorum
552 2201 587 2262 et
609 2197 767 2264 malorum
789 2201 864 2284 post
879 2203 1018 2264 mortem
1040 2197 1129 2282 apud
1144 2197 1293 2264 homines

253 2301 367 2366 eadem
389 2301 432 2366 sit
456 2301 607 2382 conditio,
635 2301 795 2366 bonorum
817 2299 970 2366 videlicet
997 2301 1134 2388 egregiis
1165 2301 1294 2366 actibus

254 2425 327 2468 cum
342 2405 519 2470 factoribus
543 2405 609 2468 suis
632 2399 919 2468 commorientibus
942 2405 1159 2468 etmalorum
1183 2403 1293 2490 pravis

253 2507 403 2592 operibus
434 2529 507 2572 curn
530 2505 694 2572 actoribus
717 2507 783 2572 suis
813 2507 1019 2592 consepultis,
1045 2511 1175 2572 veteres
1202 2507 1308 2572 Graii

196 2665 197 2668 ,
252 2609 363 2696 scripti
385 2609 565 2674 remedium
587 2609 731 2696 objecere
754 2611 941 2696 prudenter,
958 2613 993 2674 et
1016 2609 1188 2696 scriptores
1212 2631 1293 2688 suos,
1333 2689 1335 2694 Ι

254 2733 333 2798 quos
363 2711 473 2778 dixere
510 2713 794 2798 historiographos
832 2713 875 2776 ad
904 2713 1149 2778 conscribendas
1186 2733 1293 2776 rerum

253 2815 406 2888 historias
427 2815 604 2880 studiosius
628 2815 829 2894 exciverunt,
845 2819 885 2880 ut
908 2815 997 2878 vocis
1020 2815 1106 2880 vivae
1127 2813 1293 2880 silentium

253 2939 320 2982 vox
343 2917 461 3004 scripta
484 2917 654 3004 suppleret.
703 2917 842 2982 Romani
856 2917 943 2982 'vero
971 2917 1158 2982 Graecorum
1184 2917 1293 2982 aemuli

253 3021 486 3110 perpetuandae
508 3021 644 3086 virtutis
674 3041 771 3086 causa
804 3041 871 3084 non
902 3021 1006 3086 solum
1038 3021 1118 3108 styli
1149 3041 1293 3108 assump-

254 3127 367 3188 serunt
397 3123 537 3188 officium
563 3125 683 3192 sedet
707 3127 834 3188 statuas
851 3113 853 3118 ¹
869 3123 1067 3206 adjecerunt,
1090 3129 1124 3188 et
1147 3123 1200 3202 sic,
1225 3127 1294 3186 tarn

253 3231 379 3290 veteres
401 3223 653 3310 representando
684 3245 782 3310 quam
813 3223 1019 3310 provocando
1050 3227 1204 3314 posteros,
1228 3225 1293 3288 vir-

255 3329 337 3394 tutis
375 3347 525 3408 amorem,
563 3333 636 3392 tum
674 3339 736 3414 per'
770 3327 878 3392 oculos
915 3333 988 3408 turn
1026 3351 1083 3416 per
1121 3347 1215 3392 aures
1251 3327 1294 3392 ad

254 3429 411 3496 interiora
440 3429 666 3516 multipliciter
688 3429 872 3508 demissum,
904 3431 1108 3496 imitantium
1130 3429 1295 3494 mentibus

254 3533 379 3598 firmius
409 3533 651 3620 impresserunt.
698 3533 799 3598 Porro
830 3539 960 3618 patrum
987 3539 1079 3620 gesta
1103 3537 1315 3612 sanctorum,

255 3655 333 3720 quos
364 3635 568 3722 frequentius
590 3641 822 3700 commemorat
849 3639 883 3698 et
914 3637 1120 3700 commendat
1154 3635 1292 3714 ecclesia,

254 3737 417 3802 neminem
443 3737 486 3802 ad
511 3737 710 3802 imitandum
744 3737 964 3818 accenderent,
996 3737 1023 3802 si
1056 3737 1180 3802 conscia
1209 3739 1293 3804 veri·
1398 3797 1399 3800 ,

254 3839 335 3904 tatis
350 3839 531 3922 antiquitas
545 3839 716 3926 legendam
731 3839 825 3904 nobis
840 3839 1010 3904 historiam
1021 3863 1089 3906 non
1103 3839 1293 3926 reliquisset.

255 3941 300 4006 Et
322 3941 385 4004 nisi
408 3941 570 4006 Dominus
600 3947 671 4006 tarn
694 3941 729 4006 in
751 3941 849 4006 Novo
873 3963 971 4028 quam
994 3941 1029 4006 in
1045 3943 1158 4008 Veteri
1182 3943 1292 4008 Testa-

254 4049 364 4110 mento
380 4067 453 4130 quae
467 4045 535 4110 sint
548 4043 704 4130 fugienda
719 4049 754 4110 et
770 4065 844 4132 quae
859 4043 1020 4112 imitanda
1036 4051 1110 4110 tum
1124 4043 1293 4110 scribendo

254 4151 326 4212 tum
356 4145 427 4210 aliis
457 4145 627 4212 scribenda
654 4147 872 4232 expressisset,
903 4147 1013 4212 nutius
1036 4149 1123 4212 bona
1150 4169 1170 4212 a
1198 4147 1293 4210 malis
1396 4175 1398 4180 ’

254 4249 465 4316 distinxisset.
513 4251 578 4316 His
601 4253 634 4314 et
656 4247 729 4312 aliis
761 4251 918 4336 exemplis
942 4251 1102 4328 instructi,
1125 4255 1165 4312 ut
1195 4249 1292 4312 bene-

253 4353 413 4418 factorum
437 4351 577 4418 ecclesiae
608 4351 858 4416 Evesharnensis
881 4357 1069 4438 atempore
1091 4351 1292 4416 fundationis

254 4473 320 4514 suae
350 4449 504 4514 memoria
534 4451 578 4516 sit
599 4447 634 4516 in
663 4449 898 4528 benedictione,
924 4457 957 4514 et
987 4453 1026 4514 ut
1048 4447 1152 4536 gloria
1181 4471 1292 4528 eorum

255 4557 363 4618 tractu
399 4553 553 4638 temporis
590 4575 657 4618 non
695 4559 879 4634 marcescat,
918 4573 980 4618 nec
1018 4553 1139 4618 eximia
1181 4575 1291 4618 eorum

254 4659 347 4742 gesta
362 4655 484 4720 oblivio
498 4655 704 4742 posteritatis
719 4655 918 4742 exstinguat,
938 4657 993 4722 sed
1009 4661 1049 4722 ut
1071 4657 1158 4744 quod
1181 4655 1223 4722 ab
1246 4657 1291 4720 eis

256 4757 426 4844 magnifice
463 4757 587 4824 factum
617 4759 682 4824 fuit
711 4757 834 4844 posteri
869 4765 1001 4830 sumant
1031 4761 1068 4826 in
1098 4761 1291 4850 exemplum,
