3308 5666
324 745 327 750 ¹
426 785 803 840 0110110011011111
827 787 1063 840 0111101111.
1223 757 1265 830 17

399 1077 448 1142 Dc
478 1035 622 1164 quodum
641 1075 895 1164 0101010011οῑίο
923 1075 1081 1142 restitute.

267 1235 491 1304 Clarissimum
509 1221 753 1324 Omnipotentis
769 1241 833 1306 Dei
851 1241 1043 1306 miraculum
1058 1263 1115 1328 per
1129 1239 1263 1306 beatmn
1277 1259 1358 1308 rom
1360 1263 1430 1310 1oee

221 1341 431 1406 confessorem
454 1361 548 1406 suum
572 1341 767 1426 Eogwinum
789 1343 984 1430 mirabiliter
1000 1343 1101 1418 servis
1126 1341 1191 1406 suis
1214 1339 1263 1400 in·
1277 1337 1429 1404 Healmgof

211 1445 394 1526 sinuatum,
433 1445 476 1508 ad
509 1443 652 1508 medinm
691 1465 855 1510 censemus
888 1439 1119 1512 deducendum.
1183 1415 1319 1504 Erat
1276 1475 1317 1526 tho
1329 1421 1413 1540 orip'

218 1551 363 1634 tempore
401 1539 532 1632 praefati
560 1547 645 1630 regis
675 1545 808 1630 quidam
838 1547 974 1612 homo
964 1571 1001 1610 rn
1024 1547 1145 1632 Anglia
1177 1541 1263 1630 apud
1277 1545 1341 1610 ples
1353 1545 1395 1596 the

221 1649 373 1714 Cantium
395 1649 462 1732 qui,
486 1671 544 1736 pro
560 1671 655 1712 causa
669 1649 730 1732 soli
745 1647 816 1714 Deo
832 1651 972 1738 cognita,
989 1649 1133 1714 mutus
1123 1671 1159 1714 m
1181 1647 1300 1730 hanc&
1274 1613 1318 1676 lep
1319 1627 1383 1676 rous

221 1751 326 1816 lucem
371 1755 520 1814 materno
550 1757 643 1814 utero
690 1751 848 1836 protimus,
892 1753 1035 1818 dolorem
1074 1751 1265 1838 parentibus

219 1853 423 1938 maximeque
458 1853 520 1918 sibi
555 1853 671 1918 diatim
708 1855 934 1942 exaggerabat.
993 1853 1027 1920 Is
1058 1853 1191 1920 tandem
1229 1853 1265 1918 in

218 1955 406 2042 juventute,
429 1955 541 2022 divino
565 1943 753 2022 admonitus
780 1959 949 2036 instinctu,
989 1979 1046 2044 per
1074 1957 1264 2042 memoriam

219 2065 404 2126 sanctorum
427 2081 539 2126 versus
562 2059 698 2126 Romam
721 2061 768 2126 ire
791 2061 960 2148 disposuit.
1007 2059 1171 2148 Incipiens
1187 2083 1263 2148 ergo

192 2213 194 2220 -
219 2165 283 2234 iter
298 2165 524 2244 constitutum,
538 2163 676 2230 Romam
691 2177 792 2250 usque
809 2165 1009 2252 perveniens,
1025 2165 1131 2232 tribus
1142 2165 1263 2230 ibidem

176 2337 177 2340 Ἴ
220 2267 313 2332 annis
354 2267 396 2330 ad
427 2267 541 2332 limina
571 2265 801 2354 Apostolorum
833 2269 951 2334 devote
982 2291 1041 2356 pro
1072 2269 1263 2334 infirmitate

219 2391 278 2436 sua
293 2369 480 2458 supplicans
502 2369 689 2456 permansit.
737 2369 800 2436 eur
824 2393 926 2458 quum
956 2371 1041 2436 nihil
1055 2373 1190 2438 remedii
1205 2381 1263 2458 pro

218 2477 297 2538 voto
335 2473 532 2552 occurrisset,
570 2477 644 2558 post
666 2473 787 2538 trinam
825 2475 1064 2540 revolutionem
1104 2495 1263 2540 annorum

218 2575 440 2640 meditabatur
454 2575 597 2640 maximo
620 2597 693 2640 cum
715 2579 857 2644 moerore'
875 2579 903 2642 si
926 2577 1091 2664 quippiam
1108 2579 1170 2644 sibi
1191 2599 1265 2664 pos·

218 2683 267 2744 set
287 2677 367 2752 'fieri
389 2679 425 2742 in
447 2679 594 2744 salutem.
641 2675 722 2742 Ecce
753 2679 894 2762 quadam
925 2683 1020 2744 nocte
1051 2679 1261 2764 perssduloem
1343 2699 1346 2702 ·

218 2781 360 2866 quietem
402 2781 510 2846 astitit
548 2781 611 2846 sibi
643 2777 792 2866 quaedam
826 2803 973 2868 persona
995 2781 1079 2846 albis
1113 2783 1262 2848 vestibus

218 2883 342 2960 induta,
376 2881 570 2968 hujusmodi¹
591 2883 782 2970 'deprimens
832 2885 982 2960 oracula:
1027 2885 1143 2966 “Quid
1181 2883 1290 2964 hic,”v

218 2987 335 3072 inquit,
359 2993 378 3022 ‘⁶
392 2993 462 3052 tam
490 2973 547 3052 diu
569 2985 681 3072 jacens
712 2985 833 3054 frustra
875 2989 1095 3054 consumeris?
1142 2987 1263 3054 Rever-

218 3095 234 3124 “
250 3093 318 3152 tere
341 3089 383 3154 ad
406 3089 549 3176 patriam
571 3089 845 3176 tuam'Augliam,
864 3113 972 3176 quaere
994 3091 1078 3156 inibi
1100 3095 1261 3156 monasteu

218 3191 337 3258 “rium
372 3193 476 3258 sancti
498 3192 656 3278 Eogwini,
673 3191 815 3278 illucque
837 3193 960 3260 vadens
983 3215 1058 3258 oum
1088 3193 1260 3272 oblatione,

220 3293 316 3358 “Dei
332 3299 365 3360 01
387 3293 475 3360 illius
502 3295 607 3360 sancti
621 3293 875 3360 misericordiam
891 3295 1067 3382 deprecare,
1085 3297 1262 3382 statimque

219 3403 235 3430 “
257 3397 447 3464 sanaberis.’'
465 3399 701 3484 Obtemperans
714 3399 822 3486 'igitur
844 3403 956 3464 mutus
972 3399 1085 3464 divino
1098 3399 1260 3478 mandate,

218 3499 402 3588 externplo1
419 3499 461 3564 ad
487 3501 597 3566 101010
626 3503 729 3566 solum
752 3503 933 3590 repedavit.
979 3503 1121 3568 Veniens
1152 3507 1261 3566 autem

216 3605 252 3668 in
275 3605 439 3690 Angliam,
462 3605 582 3670 indicio
605 3605 732 3684 ductus,
750 3629 807 3692 per
823 3607 973 3670 divinum
996 3605 1157 3670 auxilium
1172 3611 1261 3670 recto
1352 3673 1353 3676 ,

217 3705 332 3772 itinere
355 3707 397 3772 ed
420 3707 652 3772 monasterium
686 3709 790 3774 sancti
807 3707 955 3794 Eogwini
978 3707 1133 3794 pervenit.
1180 3707 1261 3772 Erat

217 3829 293 3874 vero
316 3815 399 3874 tunc
422 3809 489 3874 dies
512 3809 647 3876 sabbati.
694 3809 802 3896 igitur
818 3811 943 3876 cunetis
957 3809 1098 3876 fratibus
1114 3813 1149 3876 in
1165 3809 1260 3876 choro

218 3911 410 3992 astantibus,
426 3911 519 3978 venit
541 3911 717 3998 praedictus
740 3915 791 3978 vir
815 3911 980 3978 candelam
1004 3935 1104 3978 manu
1129 3919 1260 4002 gestans
1330 3929 1331 3932 ’

218 4037 319 4100 quum
341 4015 527 4102 vespertina
550 4015 682 4102 synaxis
707 4015 942 4094 decantaretur,
958 4037 1159 4104 pergensque
1181 4019 1260 4082 ante

218 4117 320 4184 altare
353 4117 477 4184 diutius
507 4119 615 4184 oravit
645 4119 754 4206 sieque
784 4119 952 4186 candelam
987 4119 1116 4196 obtulit.
1188 4121 1260 4202 Qua

218 4221 333 4304 oblata,
357 4243 468 4288 rursus
491 4223 533 4288 ad
556 4223 738 4288 orationem
762 4223 864 4292 stetit.
910 4223 974 4290 Res
998 4223 1080 4292 mira
1111 4229 1145 4290 et
1166 4221 1260 4288 vehe-

218 4331 342 4392 menter
364 4327 543 4414 stupendal
593 4325 700 4406 Quum
724 4349 831 4394 coram
854 4327 978 4394 ermetis
993 4331 1116 4394 astaret
1138 4333 1257 4408 mutus,

220 4429 329 4496 subito
360 4431 476 4496 cadens
498 4429 606 4496 rivum
638 4431 805 4514 sauguinis
830 4453 872 4496 ex
895 4455 951 4496 010
973 4433 1074 4518 coepit
1099 4451 1257 4512 excreare,

218 4531 384 4618 nimiaque
418 4555 485 4620 prae
518 4533 669 4620 angustia
699 4531 734 4594 in
769 4533 958 4620 pavimento
1001 4535 1257 4622 circumquaque

554 4753 561 4782 ¹
576 4751 702 4818 extemplo]
717 4755 843 4816 extimplo,
855 4753 911 4806 MS.
