3300 5666
396 821 397 824 ’
439 811 648 860 ,ΟΗΒΟΝΙΘΟΝ
667 809 829 862 'ABBATIAE
853 809 1092 864 010010οΗ011.
1153 857 1154 860 ,
1217 799 1287 868 ¹ill

245 995 279 1058 01
316 989 467 1058 monachi
489 995 567 1058 ante
597 1011 656 1058 000
690 989 825 1056 fuerunt
847 991 904 1076 qui
927 1013 987 1056 nos
1018 989 1162 1068 scientia,
1193 993 1290 1056 mori-
1303 1001 1453 1058 001000.

245 1097 315 1176 bus,
344 1097 519 1162 sanctitate
545 1101 578 1162 01
603 1095 751 1160 saeculari
776 1091 954 1182 prudentia
991 1093 1219 1180 praecellebant
1256 1099 1289 1160 et

242 1199 337 1264 nobis
359 1199 606 1284 praefulgebant,
622 1203 654 1262 et
670 1199 719 1262 illi
735 1201 804 1262 tam
819 1199 921 1262 ardua
938 1219 1005 1262 non
1028 1201 1287 1276 attentaverunt,

242 1305 275 1366 et
290 1307 402 1388 tamen
416 1301 469 1388 pie
485 1305 519 1366 01
535 1305 646 1366 000010
670 1305 703 1364 01
722 1301 812 1384 juste
836 1303 995 1372 vixerunt
1018 1301 1137 1364 101100
1163 1301 1286 1380 saecule,

242 1409 277 1468 et
307 1403 432 1468 divitiis
456 1407 490 1468 et
512 1403 690 1468 honoribus
716 1403 821 1494 gavisi
854 1409 939 1468 sunt.
1001 1403 1070 1466 Nos
1095 1425 1173 1468 vero
1194 1425 1289 1490 prop-

241 1509 292 1570 101
305 1497 578 1570 'exordinationes
593 1511 729 1570 nostras
766 1491 837 1570 Deo
873 1511 907 1570 et
952 1505 1140 1572 hominibus
1179 1505 1288 1570 minus

241 1607 443 1688 favorabiles,
474 1609 583 1674 immo
606 1609 698 1694 quasi
728 1611 991 1696 contemptibiles
1023 1611 1225 1676 habebamur
1256 1613 1289 1674 et

242 1733 409 1800 pauperes.
455 1711 518 1778 Jus
542 1713 812 1778 etiamnostrum
835 1711 930 1778 valde
955 1713 1039 1778 exile
1063 1721 1096 1780 et
1121 1713 1288 1778 infirmum

245 1815 407 1898 dicebant,
423 1815 565 1880 maxime
582 1837 619 1880 eo
636 1815 723 1900 quod
746 1837 767 1880 a
781 1815 931 1880 ducentis
947 1817 1001 1880 vel
1016 1817 1170 1880 trecentis
1193 1817 1288 1880 001110

242 1923 329 1984 10110
360 1919 501 2006 episcopi
526 1919 757 2006 Wigomenses
782 1941 893 1984 omnes
918 1919 1058 1984 fuissent
1088 1919 1289 1986 sollemniter

239 2045 311 2086 oum
334 2021 536 2108 processione
566 2021 717 2100 sollemni
739 2023 781 2086 ad
809 2021 999 2086 divinorum
1035 2023 1286 2088 celebrationem

232 2119 272 2190 ¹et
287 2125 549 2212 procurationem
572 2123 786 2192 sufficientem
802 2125 844 2198 ,in
860 2125 993 2192 ecclesia
1016 2131 1129 2192 nostra
1145 2127 1287 2204 admissi,

238 2233 270 2294 et
287 2229 421 2294 abbates
445 2231 550 2294 nostri
574 2251 672 2316 supra
697 2231 887 2294 memoriam
909 2231 1082 2296 hominum,
1103 2231 1144 2294 ab
1167 2231 1287 2316 episco-

186 2377 187 2380 ,
237 2333 286 2416 pis
312 2331 489 2416 Wigorniae
513 2333 775 2420 benedictionem
798 2337 994 2418 acceperunt
1021 2337 1054 2396 01
1083 2333 1129 2396 010
1160 2333 1282 2418 profes-

236 2435 360 2498 sionem
383 2433 538 2514 fecerunt,
563 2439 603 2524 et
632 2435 771 2500 chrisma
801 2441 835 2500 et
870 2435 978 2500 oleum
1012 2439 1044 2498 et
1078 2435 1208 2500 ordines
1242 2435 1283 2498 ab

236 2537 357 2602 eisdem
391 2537 541 2602 monachi
565 2543 786 2624 susceperunt,
817 2543 851 2602 et
878 2539 952 2604 ideo
987 2543 1283 2626 praesumptuosum

233 2645 270 2704 et
291 2641 556 2726 superstitiosum
591 2641 697 2706 videri
738 2645 807 2704 tam
846 2643 979 2728 longam
1014 2639 1283 2716 consuetudinem
1318 2693 1320 2696 .

237 2747 270 2808 et
304 2747 474 2808 tantorum
520 2743 668 2808 virorum
708 2743 799 2828 sequi
833 2743 973 2828 vestigia
1015 2745 1110 2820 00110,
1142 2747 1175 2806 01
1213 2749 1283 2808 1001

233 2849 420 2910 0000101001
457 2867 648 2932 magnorum
686 2849 719 2910 et
765 2847 964 2932 prudentum
1010 2845 1284 2932 praedecessorum

234 2951 421 3012 nostrorum
452 2953 556 3012 metas
595 2951 629 3010 et
662 2947 743 3012 vitae
779 2949 860 3012 fines
898 2949 982 3012 10110
1020 2943 1213 3032 transgredi,
1249 2951 1283 3012 et

234 3051 333 3116 etiam
376 3051 404 3116 si
436 3053 523 3136 quod
538 3053 539 3056 ’
549 3051 605 3136 jus
648 3051 689 3116 ad
717 3051 998 3136 proclamandum
1026 3051 1076 3114 in
1094 3049 1281 3116 libertatem

233 3153 434 3232 haberemus,
458 3173 518 3238 per
541 3149 673 3216 tantum
695 3157 728 3216 et
752 3157 821 3218 tam
843 3153 978 3238 longum
1009 3155 1154 3230 abusum,
1180 3155 1280 3218 1111100

233 3255 431 3320 contrarium
467 3275 568 3332 usum,
593 3253 747 3318 videatur
775 3255 906 3340 penitus
937 3255 1098 3320 abolitum
1130 3255 1280 3318 0101110-

231 3363 354 3444 gatum.
401 3357 607 3442 Objiciebant
623 3357 722 3422 etiam
748 3357 841 3422 nobis
858 3357 945 3442 quod
959 3379 1018 3422 nos
1037 3357 1176 3442 juvenes
1193 3379 1280 3442 quae-

231 3463 382 3524 rebamus
417 3461 511 3526 litem
547 3481 644 3524 causa
671 3461 841 3544 evagandi,
869 3461 1005 3524 scientes
1033 3461 1109 3544 quia
1138 3483 1198 3524 nos
1222 3461 1279 3546 qui

198 3641 199 3644 Ἴ
227 3563 283 3626 liti
306 3563 528 3628 insisteremus
551 3585 678 3648 semper
692 3563 795 3626 ¹bonis
818 3563 1057 3626 abundaremus
1072 3563 1157 3626 sicut
1181 3569 1279 3628 tanta

231 3689 328 3730 causa
344 3667 505 3752 exigebat,
530 3665 581 3730 illi
604 3689 680 3732 1010
698 3665 785 3736 domi
808 3665 919 3730 inedia
946 3665 1098 3750 perirent.
1160 3665 1205 3730 Et
1227 3665 1286 3730 illi·

230 3771 286 3856 qui
309 3773 378 3836 haec
401 3771 554 3836 dicebant
578 3775 670 3836 erant
694 3771 734 3836 de
758 3771 941 3836 senioribus
963 3773 1086 3858 populi,
1104 3773 1160 3856 qui
1184 3773 1276 3858 quasi

228 3873 427 3938 videbantur
448 3895 558 3960 regere
582 3875 749 3938 ecclesiam
770 3879 927 3952 nostram,
946 3879 979 3938 01
1003 3897 1116 3938 revera
1131 3875 1171 3938 de
1198 3873 1276 3938 filiis

219 3977 492 4060 ,prudentioribus
515 3977 596 4042 lucis
618 3977 717 4062 hujus
741 3981 835 4040 erant
857 3977 894 4040 in
912 3977 1123 4062 generatione
1150 4001 1218 4056 sua,
1241 3983 1275 4042 et

227 4079 255 4142 01
284 4079 386 4164 aliqui
415 4079 547 4144 illorum
577 4081 683 4146 zelum
714 4081 837 4144 bonum
863 4079 1030 4144 habebant
1064 4085 1177 4144 tamen
1206 4101 1275 4144 non

227 4181 405 4246 sectandum
428 4183 606 4246 scientiam.
652 4181 722 4244 Alii
744 4205 804 4246 nec
830 4181 937 4246 zelum
959 4181 1117 4248 habentes
1140 4183 1272 4258 bonum,

227 4283 417 4370 quaerebant
448 4307 521 4370 quae
555 4307 614 4348 sua
641 4289 734 4350 erant
760 4305 828 4348 non
854 4305 927 4370 quae
951 4285 974 4350 J
977 4307 1033 4350 esu
1058 4283 1189 4360 Christi,
1217 4283 1274 4346 sed

226 4387 371 4454 favorem
394 4391 427 4452 et
453 4409 567 4476 paoem
590 4391 760 4474 captantes
784 4389 906 4454 multos
929 4389 1047 4454 fratres
1070 4387 1272 4466 seduxerunt

155 4559 157 4566 ,
226 4493 283 4576 qui
305 4493 406 4576 quum
430 4513 497 4556 000
520 4497 628 4556 000001
650 4515 693 4556 ex
715 4493 808 4556 nobis
830 4517 850 4556 a
865 4491 960 4556 nobis
984 4491 1145 4570 exierunt,
1162 4495 1195 4554 et
1220 4513 1272 4556 us·
1287 4511 1344 4562 rst.
1352 4513 1428 4574 John,

226 4615 288 4678 que
302 4595 345 4658 ad
360 4595 447 4658 diem
463 4595 634 4658 sententiae
650 4615 709 4680 pro
732 4593 826 4658 nobis
842 4595 920 4658 latae
936 4593 1105 4656 nobiscum
1130 4595 1270 4678 amplius
1283 4581 1309 4628 ii.
1323 4587 1362 4630 1⁹·

225 4717 292 4760 nou
315 4695 577 4776 ambulaverunt,
595 4699 629 4760 et
652 4695 758 4760 adhuc
773 4717 815 4760 ex
830 4693 924 4760 corde
944 4695 1078 4780 quidam
1101 4695 1269 4760 nobiscum

224 4817 290 4866 non
320 4799 491 4868 ambulant
515 4797 664 4886 quamvis
699 4797 869 4860 nobiscum
899 4797 939 4862 de
961 4795 1113 4864 libertate
1139 4797 1270 4886 partici-
