3300 5666
340 763 382 828 40
539 785 737 836 onnomcou
759 785 916 836 Assnrrn
940 787 986 834 nn
1010 785 1179 834 nvnsnxn.

277 1283 279 1306 ¹
342 1273 476 1362 incipit
498 1271 598 1340 Liber
613 1271 802 1358 Secundus,
827 1271 867 1340 de
887 1271 1073 1340 Mirooulis
1093 1271 1214 1340 Sorani
1240 1271 1379 1360 Epaioi

431 1367 611 1464 qooe'Dcus
629 1397 691 1464 par
708 1375 813 1444 illum
827 1383 982 1464 operatos
1004 1385 1048 1452 cst
1065 1385 1245 1466 postquem
1261 1377 1302 1444 ub
1319 1377 1378 1444 buc

432 1479 594 1546 mutabili
608 1479 681 1546 vitu
696 1477 840 1546 decessit.

348 1715 501 1796 Qualiter
519 1713 687 1802 feretrum
712 1713 832 1784 Sancti
856 1715 1014 1800 Ecpwint
1034 1715 1095 1784 sub
1111 1715 1221 1784 ruina
1242 1713 1380 1782 ccclesiae

630 1817 780 1886 illcasum
794 1817 838 1884 sit
855 1827 1095 1886 conservatum.
1203 1859 1206 1864 ·

188 2037 255 2088 AD·
269 2043 323 2088 959.
391 2033 541 2120 Regnum
557 2033 686 2120 Angliae
704 2027 798 2120 pater
813 2033 915 2100 sancti
938 2031 1116 2100 Eadwardi
1137 2033 1221 2120 regis
1244 2039 1277 2098 et
1300 2053 1383 2098 mar·

346 2137 430 2220 tyris
454 2129 513 2200 rex
542 2135 708 2222 Eadgarus
733 2137 887 2216 obtinuit,
912 2159 971 2202 rex
996 2135 1069 2220 jure
1094 2135 1266 2200 vocandus,
1312 2135 1384 2202 Rex

348 2239 434 2304 enim
458 2237 625 2324 Eadgarus
648 2239 717 2304 Deo
734 2245 804 2304 erat
826 2237 957 2304 humilis
973 2261 1010 2302 ao
1025 2237 1173 2317 devotus,
1190 2233 1385 2304 Christianis

348 2339 568 2408 sanctionibus
605 2341 831 2426 obtemperans
861 2341 1023 2408 existebat
1063 2345 1097 2408 et
1136 2341 1312 2422 subditus3
1350 2341 1385 2406 in

349 2443 447 2508 armis
462 2447 613 2510 strenuus
628 2449 662 2510 et
676 2443 778 2522 fortis,
794 2443 943 2510 hostibus
965 2447 1035 2510 erat
1054 2443 1146 2510 ferox
1161 2449 1195 2510 et
1216 2443 1386 2522 immanis;
1437 2487 1440 2494 ι
1483 2507 1486 2514 ,

350 2545 514 2632 aequitatis
548 2545 749 2630 justissimus
774 2551 936 2622 executor,
976 2547 1032 2612 sed
1070 2569 1143 2612 cum
1166 2547 1386 2612 moderamine
1439 2591 1440 2594 κ

309 2663 310 2666 ’
350 2649 489 2736 pietatis,
516 2649 582 2714 suis
609 2653 686 2726 erat,
715 2647 807 2730 salva
831 2649 961 2736 imperii
991 2649 1171 2734 majestate,
1199 2655 1387 2716 mansuetus

350 2757 384 2816 ct
398 2753 494 2816 mitis.
540 2751 634 2816 Felix
657 2773 694 2818 ea
716 2755 912 2838 tempestate
927 2753 1058 2836 Anglia,
1081 2753 1170 2834 felix,
1193 2753 1334 2840 inquam,
1351 2775 1389 2818 ea
1418 2811 1419 2814 ,

349 2857 543 2940 tempestate
585 2853 712 2940 Anglia.
773 2855 988 2918 Ecclesiamm
1031 2859 1137 2920 status
1178 2855 1387 2942 integerrime
1451 2903 1452 2906 ,

350 2957 483 3052 vigebat
506 2955 645 3040 ubique:
670 2955 751 3040 sacri
776 2957 904 3020 ordines
927 2955 1049 3020 divinis
1071 2955 1249 3042 mancipati
1271 2957 1389 3022 solum-

350 3059 445 3124 modo
472 3059 644 3142 mysteriis,
668 3059 830 3124 vaeabant
854 3057 1023 3144 seripturis
1049 3063 1083 3124 et
1110 3057 1182 3122 aliis
1209 3059 1390 3126 actionibus

351 3161 578 3250 ecelesiasticis.
638 3161 711 3246 Ipse
741 3161 863 3226 laicalis
904 3161 980 3226 ordo
1019 3161 1125 3224 libens
1155 3181 1196 3228 ac,
1222 3169 1391 3248 promptus

327 3257 328 3260 '
353 3263 462 3328 debite
484 3263 673 3330 institutum
688 3263 853 3350 religionis
868 3263 1115 3348 exsequebatur.
1164 3263 1281 3348 Opima
1296 3265 1391 3330 tellus

288 3357 289 3410 Ῐ
354 3367 396 3430 ad
411 3371 525 3432 votum
540 3367 753 3452 respondebat
770 3367 919 3432 omnibus
933 3367 969 3430 in
984 3367 1089 3432 rebus.

196 3473 264 3530 Al).
277 3485 331 3530 960.
398 3457 543 3536 Praeerat
572 3475 651 3536 tnnc
682 3469 828 3536 coenobio
860 3469 1043 3536 Eovesham
1079 3469 1178 3536 abbas
1209 3469 1392 3548 (isnardus,

188 3561 341 3692 ffiffifflffi
355 3577 514 3660 quantum
529 3571 574 3640 ad
593 3575 770 3638 humanam
790 3575 911 3640 attinet
935 3573 1184 3640 aestimationem
1205 3575 1256 3638 vir
1279 3595 1393 3660 appro-

188 3693 330 3770 tiopoftne
354 3675 470 3742 bandis
496 3677 645 3742 moribus.
692 3677 761 3756 Sub
792 3677 881 3762 cujus
905 3677 1071 3764 regimine,
1097 3677 1221 3742 occulta
1247 3677 1395 3742 animad-

189 3759 329 3888 {sshffin
354 3779 501 3844 versione
517 3779 636 3856 divina,
653 3779 785 3844 ecclesia
806 3779 877 3864 ipsa
899 3779 966 3842 ruit
986 3799 1085 3864 quam
1106 3777 1222 3844 beatus
1238 3779 1395 3864 nginus

189 3889 332 3966 amidstthc
356 3887 573 3948 exstruxerat.
628 3879 713 3946 Ruit
749 3901 833 3968 ergo,
863 3903 901 3946 ae
931 3905 1040 3948 secum
1074 3881 1226 3946 universa
1256 3881 1394 3960 subruit,

188 3957 297 4076 {fflff
301 3957 344 4006 ²¹²⁹
356 3983 514 4050 subruens
541 3985 705 4072 confregit,
737 3983 967 4070 confringendo
1000 3985 1200 4050 comminuit.
1256 3983 1395 4070 Magnus

356 4089 458 4176 igitur
473 4087 590 4154 exinde
617 4089 705 4174 apud
730 4109 840 4154 omnes
858 4087 965 4168 timor,
991 4109 1112 4154 moeror
1142 4109 1179 4154 ac
1205 4085 1316 4168 dolor,
1340 4083 1397 4154 sed

356 4213 415 4278 pro
440 4189 586 4274 reliquiis
614 4191 714 4256 beati
729 4191 793 4254 viri
819 4211 987 4276 supremus
1016 4211 1054 4256 ac
1080 4211 1173 4276 paene
1198 4189 1283 4256 solus
1310 4193 1397 4278 apud

358 4315 468 4358 omnes
490 4293 597 4370 timor,
611 4313 730 4358 moeror
752 4313 789 4358 ae
804 4293 903 4358 dolor.
947 4293 1157 4358 Verebantur
1173 4293 1292 4378 quippe
1309 4295 1396 4380 quod

358 4397 448 4462 beati
470 4397 534 4460 viri
548 4395 695 4482 reliquiae
718 4389 779 4462 sub
794 4401 901 4482 strage
923 4399 1017 4460 tanta
1040 4397 1172 4460 omnino
1189 4399 1296 4460 essent
1313 4417 1398 4462 com-

359 4497 506 4572 minutae‚
532 4497 785 4584 minutatimque
811 4497 846 4562 in
871 4497 1040 4582 pulverem
1066 4501 1185 4562 coactae
1210 4495 1281 4582 jam
1307 4497 1398 4562 nulla
1441 4553 1442 4556 ,

360 4605 490 4684 possent
521 4601 660 4664 discerni
694 4599 905 4664 certitudinis
935 4601 1120 4664 assertione.
1180 4597 1304 4664 Verum
1341 4601 1399 4664 ubi

360 4703 557 4768 mundantes
578 4697 684 4768 locum
707 4701 749 4766 ad
772 4701 806 4766 id
830 4705 966 4766 ventum
981 4707 1039 4780 est,
1056 4705 1125 4766 tam
1145 4699 1299 4786 disposite
1315 4703 1401 4768 inter
