3300 5666
434 827 443 874 ,“
452 815 653 866 UHRONIOON
664 815 840 872 ,aasabim
852 817 899 866 DE
910 869 916 876 ¹,
925 817 1095 866 EVESHAM.
1170 805 1173 816 '¹
1242 805 1295 868 .l'3

242 1001 381 1084 ,damna
397 1021 513 1076 rorum,
531 1003 757 1088 temporalium
780 1005 919 1088 simplici
930 1023 933 1032 ’
944 1003 1052 1066 animo
1075 1003 1211 1068 tolerare
1225 1029 1233 1070 ι
1247 1007 1297 1084 ‚ut
1310 1025 1378 1076 Am.
1392 1031 1457 1078 rm.

219 1187 220 1190 Ἴ
241 1107 293 1178 ¹de
313 1121 365 1178 'eoj
383 1091 540 1172 ueraciter
552 1143 559 1178 η
570 1111 680 1192 posset
688 1147 693 1176 „
707 1107 784 1170 dict
799 1107 885 1192 quod
913 1111 1023 1174 antea
1043 1103 1167 1182 dicium
1191 1093 1365 1172 fu'erat717·

239 1211 287 1284 [iu
303 1211 501 1296 :prophetis-
532 1209 619 1290 Qui-.-
632 1215 710 1274 sunt
726 1209 790 1280 ,isti
817 1209 881 1296 qui*
907 1215 958 1274 ut·
981 1209 1083 1302 nubes
1109 1207 1240 1288 rolant,
1264 1215 1298 1274 et
1310 1227 1393 1278 Isaiah
1405 1229 1440 1280 11.

252 1313 585 1402 quasicolumbae'ad
601 1313 757 1378 fenestras
773 1315 870 1376 suasi
892 1353 894 1362 ,
915 1311 961 1374 Et
984 1311 1069 1376 sicut
1095 1311 1176 1376 dicit
1192 1311 1296 1396 Apos-
1312 1301 1332 1346 8·

251 1403 347 1494 tolus,
371 1415 495 1480 Nostra
516 1403 645 1484 autem·
659 1415 867 1490 conuersatiov
886 1413 933 1490 in
949 1411 1050 1486 calis&
1072 1419 1129 1490 ost,
1155 1413 1203 1478 ita
1234 1413 1295 1478 iste
1308 1421 1416 1490 Philipp.
1426 1425 1461 1478 iii.

251 1523 390 1582 sanctus
407 1517 657 1580 conversabatur
682 1515 726 1580 in
750 1517 846 1580 terris
880 1521 919 1580 ut
941 1515 1071 1580 animus
1091 1521 1130 1588 ¹et
1152 1515 1295 1600 intentio
1309 1495 1349 1540 ²⁰·

252 1619 332 1706 ejus,
344 1639 477 1706 semper
492 1625 575 1684 esset
589 1651 594 1692 ,χ
605 1619 641 1682 in
662 1619 772 1692 ,coelis
791 1635 793 1640 ·
819 1619 924 1684 Sacrae
947 1619 1122 1682 insistebat
1143 1617 1294 1698 lectioni3

240 1721 372 1804 ¹debitis
403 1721 589 1808 ¹castigabat
621 1735 744 1808 corpus¹
760 1721 880 1798 inedia
895 1727 928 1786 et
959 1721 1089 1808 vigiliis.
1148 1719 1293 1784 Humilis
1370 1767 1398 1782 .

239 1829 321 1910 Μὴ
344 1825 379 1894 in
393 1835 402 1894 Jj
414 1825 548 1902 habitu,
571 1823 787 1898 infsernrone
803 1823 975 1910 jocundus,
1004 1825 1046 1888 in
1066 1823 1294 1910 praedicatione
1350 1839 1357 1848 “

228 1951 229 1954 ’
251 1927 404 2006 devotus,
415 1927 452 1990 in
467 1927 612 1990 moribus
632 1925 908 2008 ,vonerabilis'in-
924 1927 1125 1992 orationibus
1148 1927 1295 2012 pervigil,

251 2017 460 2102 inlectione¹
473 2029 630 2110 assiduus,
647 2027 682 2094 in
701 2027 807 2094 'vultu
832 2023 1008 2116 angelicus,
1021 2031 1057 2092 in
1080 2029 1198 2094 affectu
1212 2029 1295 2114 pius,

251 2131 296 2194 in,
313 2131 493 2196 virtutibus
510 2131 728 2212 admirabilis,
752 2131 960 2208 in-bonitate
987 2133 1145 2212 amabilis,
1169 2131 1205 2196 in
1229 2133 1295 2216 pie-

251 2239 319 2298 tate
334 2233 516 2312 laudabilis,
535 2235 649 2300 rnultis
673 2235 772 2300 etiarn
788 2233 916 2320 fulgens
932 2231 1119 2300 miraculis.¹
1142 2233 1237 2312 Na'm,
1257 2241 1295 2300 ut

251 2343 367 2402 caetera
389 2335 593 2416 omittamus,
627 2339 712 2404 inter
744 2337 927 2420 lachrymas
963 2343 996 2402 et
1032 2337 1196 2422 singultus
1224 2357 1296 2422 quae

251 2443 346 2504 nocte
372 2459 408 2504 ao
441 2437 494 2504 die
519 2437 743 2504 indesinenter
776 2439 996 2524 omnipotenti
1011 2441 1093 2516 ¹Deo
1126 2439 1293 2518 fundebat,

251 2563 336 2626 saepe
360 2541 548 2626 angelorum
563 2541 807 2606 visitationibus
832 2543 1084 2620 demulcebatur,
1102 2547 1136 2606 et
1158 2543 1294 2606 aliorum

251 2649 435 2718 sanctorum
450 2681 452 2684 -
470 2645 525 2730 qui
561 2643 601 2708 de
634 2643 699 2708 'hoo
718 2645 850 2708 ‘saeculo
891 2649 1096 2708 excesserant
1133 2645 1295 2708 continuis

251 2747 522 2810 consolationibus
547 2745 760 2810 refovebatrn.
783 2747 935 2810 ¹Beatam
961 2765 1037 2810 vero
1064 2743 1126 2810 Dei
1151 2745 1296 2810 Genitri-

240 2871 318 2912 cem
346 2849 489 2912 Mariam¹
514 2849 576 2912 ita
593 2853 670 2930 toto
696 2847 813 2912 affectu
840 2851 873 2912 et
901 2847 1026 2934 spiritu,
1050 2851 1122 2910 toto
1146 2847 1238 2912 corde
1262 2853 1296 2912 et

251 2973 358 3016 amore
387 2951 662 3036 amplectebatur,
697 2955 736 3014 ut
773 2971 945 3036 nunquam
980 2949 1194 3014 amemoria
1228 2947 1296 3036 ejus

251 3053 436 3132 excideret,
457 3075 626 3140 nunquam
662 3053 697 3118 in
731 3053 840 3116 verbis
875 3053 978 3140 ipsius
1013 3051 1139 3118 deesset
1151 3075 1158 3130 3
1205 3051 1296 3138 cujus

240 3155 435 3230 ,visitatione
459 3163 493 3222 et
520 3157 736 3220 consolatione
760 3177 873 3222 servus
901 3155 963 3222 Dei
987 3161 1155 3232 recreatus,
1189 3155 1296 3238 omnia

250 3279 324 3342 quae
354 3259 469 3322 mundi
493 3263 585 3322 erant
613 3259 852 3336 omittebatur
876 3279 949 3342 quae
972 3257 1036 3322 Dei
1061 3263 1154 3322 erant
1176 3257 1294 3322 indesi-

251 3365 366 3424 nenter
381 3359 557 3426 exercebat.
592 3359 719 3424 Miseris
736 3359 936 3436 condolebat,
952 3381 1109 3444 pauperes
1121 3359 1305 3438 recreabat,

251 3461 427 3526 esurientes
450 3463 609 3548 pascebat,
639 3461 787 3528 sitientes
821 3461 965 3548 potabat,
997 3461 1103 3526 nudos
1127 3461 1294 3538 vestiebat,

251 3563 394 3630 infirmos
419 3565 582 3642 visitabat,
608 3571 752 3630 mortuos
785 3563 969 3650 sepeliebat,
1000 3565 1154 3652 orphanis
1180 3569 1213 3630 et
1247 3563 1296 3628 vi-

251 3667 332 3744 duis,
360 3669 537 3732 secundum
564 3665 769 3752 Apostolum,
797 3667 941 3730 solamen
980 3667 1166 3746 exhibebat,
1196 3671 1229 3730 ot
1253 3667 1293 3730 ab
1308 3673 1333 3722 S.
1346 3675 1431 3724 sames
1442 3675 1458 3728 i.

251 3767 310 3832 hoc
336 3771 451 3836 saeculo
479 3771 720 3836 immaculatum
747 3767 787 3834 se
803 3767 1014 3836 custodiebat
1308 3745 1330 3792 ⁷'

616 4127 617 4132 ,
664 4081 789 4146 anrro
813 4081 872 4146 XI.

293 4239 464 4304 Virtutum
497 4239 607 4322 itaque
654 4241 879 4304 universarmn
915 4237 1032 4304 avidus
1073 4241 1225 4304 executor
1260 4243 1294 4304 et

248 4341 404 4406 vitiorum
427 4323 601 4406 insectator
627 4341 741 4406 beatus
766 4339 949 4426 Ecgwinus,
974 4341 1031 4406 ubi
1063 4341 1104 4406 ad
1138 4361 1293 4426 cygneam

253 4443 360 4508 aratis
393 4443 531 4528 speciem
557 4441 718 4526 pervenit,
737 4441 981 4532 Omnipotentis
1010 4441 1073 4506 Dei
1108 4447 1202 4520 nutu,
1228 4443 1292 4520 Qui

251 4547 376 4608 sanctos
410 4565 483 4606 suos
514 4543 687 4626 salubriter
716 4543 875 4620 verberat,
906 4545 942 4606 in
972 4543 1166 4606 monasterio
1206 4545 1292 4628 quod

240 4649 474 4722 construxerat
506 4643 542 4706 in
571 4643 733 4708 diutinam
759 4643 881 4708 decidit
911 4643 1146 4730 aegritudinem.
1188 4643 1292 4724 Quam
1318 4661 1320 4666 ’

248 4767 349 4832 quum
372 4745 609 4830 patientissime
636 4745 890 4834 amplecteretur,
923 4751 1125 4828 mortemque
1141 4745 1204 4808 sibi
1222 4747 1291 4838 jam
