3300 5666
455 829 656 880 onnomcou
679 827 837 878 Anausin
860 831 906 878 nn
930 831 1099 880 nvnsnnn.
1236 821 1298 886 135

251 1013 283 1068 in
323 1011 449 1084 capitulo
488 1013 731 1086 promulgantem,
766 1014 802 1068 ab
832 1013 935 1070 abbate
965 1019 996 1066 et
1027 1015 1174 1072 monachis
1209 1013 1299 1070 fuisse
1314 1025 1379 1078 ΑΒ,
1394 1031 1463 1076 1204.
1519 1025 1520 1028 ’

250 1097 374 1170 benigne
400 1097 567 1164 admissum,
596 1115 705 1154 necnon
731 1098 865 1154 abbatem
891 1097 1063 1168 praedictum
1087 1099 1194 1168 synodo
1214 1115 1299 1170 quam

250 1181 329 1236 idem
348 1181 499 1252 episcopus
519 1181 596 1250 apud
607 1181 788 1252 Wigorniam
809 1181 966 1238 celebravit
985 1187 1122 1250 tanquam
1141 1181 1299 1250 quemlibet
1344 1173 1350 1186 '

251 1283 285 1318 ex
310 1265 447 1334 subjectis
472 1265 624 1320 abbatibus
651 1265 829 1328 interfuisse,
857 1265 927 1318 adeo
953 1263 1031 1334 quod
1061 1267 1090 1316 et
1113 1265 1241 1334 primum
1268 1265 1299 1316 in

246 1349 468 1418 synodoplocum
486 1355 552 1418 post
572 1349 739 1418 episcopum
761 1347 817 1402 sibi
839 1347 1016 1412 vindicaret;
1037 1351 1187 1416 praeterea,
1208 1363 1298 1418 quum

248 1433 312 1486 luce
335 1433 441 1488 clarius
463 1437 608 1488 constaret
619 1431 804 1502 praescriptos
826 1432 958 1486 abbatem
979 1437 1008 1484 et
1024 1431 1177 1486 monachos
1190 1431 1295 1496 oleum,

248 1515 374 1572 chrisma
398 1521 428 1572 et
452 1515 566 1572 ordines
587 1517 624 1570 ab
648 1515 778 1586 antiquis
800 1521 879 1570 retro
899 1515 1080 1586 temporibus
1099 1516 1135 1569 ab
1154 1515 1297 1586 episcopis

247 1599 407 1670 Wigorniae
430 1599 604 1670 percepisse,
632 1603 660 1654 et
688 1613 786 1654 omnes
812 1599 843 1652 in
869 1599 964 1670 primo
991 1599 1116 1656 adventu
1145 1617 1196 1654 suo
1221 1599 1297 1668 apud

245 1679 392 1738 lllv'esham
415 1701 481 1740 cum
509 1683 701 1754 processione,
728 1681 930 1754 procuratione
951 1687 981 1734 et
1004 1681 1102 1738 debita
1125 1683 1296 1748 reverentia,

246 1769 281 1822 de
306 1765 424 1838 antiqua
454 1767 672 1832 consuetudine,
704 1769 740 1822 ab
766 1767 869 1822 abbate
895 1771 925 1822 et
952 1767 1101 1822 monachis
1131 1767 1222 1822 fuisse
1251 1785 1296 1820 re·

245 1857 353 1922 septos,
377 1857 407 1904 et
428 1867 476 1906 eos
498 1849 528 1904 in
542 1851 709 1906 memoratis
731 1850 833 1906 abbate
852 1855 882 1906 et
904 1851 1053 1906 monachis
1074 1855 1104 1906 et
1121 1853 1295 1906 monasterio

245 1933 378 2004 quaedam
399 1933 456 1988 alia
479 1951 544 2004 quae
561 1933 636 2004 juris
660 1933 800 1988 ordinarii
824 1939 892 1988 nunt
916 1935 1089 2004 plerumque
1114 1933 1293 2000 exercuisse3

244 2017 351 2082 -Nos‚
372 2015 501 2070 virorum
521 2015 697 2086 prudentum
719 2015 839 2072 consilio
863 2017 941 2082 freti,
968 2017 1166 2088 supradictum
1184 2017 1293 2088 episco-

242 2117 322 2168 pum,
350 2105 487 2170 tanquam
516 2099 644 2156 indebite
671 2099 892 2170 jurisdictione1
926 2119 979 2156 sua
1010 2101 1174 2172 spoliatum,
1209 2101 1292 2156 resti·

241 2185 381 2238 tuendum
409 2183 600 2250 decrevimus,
638 2189 669 2240 et
700 2183 727 2238 ei
759 2183 948 2254 ecclesiaeque
986 2203 1046 2240 suae
1066 2183 1292 2256 possessionem

239 2267 451 2336 jurisdictionis
475 2267 506 2320 in
528 2267 693 2338 saepedictis
714 2269 817 2324 abbate
838 2275 868 2324 et
888 2269 1037 2324 monachis
1062 2275 1212 2324 eteorum
1232 2287 1291 2324 mo·

242 2351 368 2408 nasterio
383 2357 521 2424 tanquam
542 2351 598 2408 sibi
613 2351 679 2424 lege
699 2351 862 2424 dioecesana
879 2353 1012 2418 subditis,
1036 2351 1116 2408 salva
1134 2355 1292 2410 secundum

241 2443 372 2492 tenorem
402 2435 530 2492 mandati
560 2435 712 2506 apostolici
739 2437 925 2508 proprietatis
956 2453 1052 2502 causa,
1082 2435 1292 2494 sententialiter

242 2519 450 2588 adjudicamus.
501 2519 625 2590 Insuper
653 2521 741 2576 etiam
773 2519 947 2576 sententiam
978 2523 1174 2590 suspensionis
1205 2539 1291 2592 quarn

240 2605 319 2658 idem
338 2603 489 2674 episcopus
515 2603 545 2658 in
569 2603 777 2660 monasterium
799 2603 834 2658 de
859 2603 1006 2660 llvesham
1026 2609 1056 2658 et
1080 2603 1233 2660 monachos
1256 2605 1291 2658 ob

241 2705 340 2742 corum
360 2687 570 2742 contumaciam
588 2687 696 2742 tulerat
707 2705 800 2756 usque
821 2689 857 2740 ad
877 2687 1049 2758 condignam
1065 2687 1290 2742 satisfactionem
1305 2709 1308 2714 ¹

239 2771 480 2828 confirmavimus.
520 2771 590 2840 Quae
616 2771 733 2842 quidem
758 2771 917 2828 satisfactio
943 2771 1102 2826 secundum
1125 2770 1288 2840 dispositio-

208 2879 209 2882 *
239 2875 306 2912 nem
326 2861 453 2912 nostram
473 2855 602 2911 exhibita
623 2861 676 2922 est,
700 2855 776 2912 sicut
795 2855 873 2908 idem
895 2855 1048 2926 episcopus
1069 2859 1169 2924 postea
1193 2873 1290 2910 coram

239 2939 321 2994 nobis
335 2939 376 2996 ,in
403 2939 471 3008 jure
495 2939 643 2996 confessus
668 2945 722 2994 est.
772 2937 813 2992 Ut
835 2939 930 3010 igitur
956 2939 1098 2992 sententia
1120 2941 1218 2992 nostra
1241 2939 1288 2990 fir-

234 3023 348 3078 mitatis
372 3021 505 3094 vigorem
529 3021 655 3078 obtineat
682 3023 713 3074 in
739 3025 898 3092 posterum,
926 3039 990 3074 eam
1014 3021 1152 3090 praesenti
1179 3019 1288 3090 scripto

239 3113 268 3164 ct
286 3107 450 3178 sigillorum
467 3113 631 3164 nostrorum
650 3107 827 3176 appositione
845 3105 1054 3164 roboravimus.

338 3377 463 3446 Fortun
485 3377 729 3468 satisfactiones
752 3363 972 3448 contumactae
994 3387 1179 3448 concentus.

281 3541 341 3608 Est
363 3547 473 3608 antem
496 3543 600 3606 forma
620 3539 854 3608 satisfactionis
877 3541 1063 3626 hujusmodi
1076 3565 1130 3606 :-

273 3653 449 3726 G[alfridus]
464 3655 520 3710 Dei
527 3655 622 3726 gratia
634 3655 786 3724 episcopus
800 3659 828 3710 et
838 3653 858 3708 J
861 3651 1020 3724 [orbertus]
1031 3653 1110 3724 prior
1121 3653 1283 3710 Ooventriae
1296 3651 1418 3734 Ttesub-

236 3743 265 3792 et
286 3737 456 3808 R[ioardus]
479 3737 696 3794 archidiaconus
715 3739 933 3794 Norbamtoniae
946 3735 1090 3808 R[ogero]
1112 3737 1167 3792 Dei
1188 3737 1283 3810 gratia
1295 3735 1395 3836 ”lllllfflf'fl
1407 3731 1432 3770 10

235 3821 333 3876 abbati
353 3829 383 3876 et
402 3821 557 3878 conventui
575 3821 770 3886 Eveshamiae‚
793 3821 919 3878 salutem
937 3821 968 3876 in
988 3821 1120 3878 Domino.
1159 3821 1282 3880 Noverit
1293 3789 1433 3908 dnloldslop

234 3905 408 3962 universitas
419 3911 517 3960 vestra
527 3923 579 3962 nos
593 3905 764 3962 auctoritate
776 3905 859 3962 nobis
872 3901 1014 3960 adomino
1026 3923 1101 3978 papa
1109 3905 1282 3962 commissa2
1292 3873 1359 3986 aplos
1370 3873 1412 3974 phe

234 3990 386 4046 observato
401 3989 478 4058 juris
487 3989 587 4044 ordine
600 3989 786 4046 confirmasse
799 3989 972 4046 sententiam
982 3991 1179 4060 suspensionis
1193 4001 1280 4062 quain
1292 3989 1388 4040 monks.

233 4071 367 4126 dominus
392 4073 593 4142 Wigornensis
618 4073 770 4142 episcopus
795 4071 825 4126 in
849 4091 899 4128 vos
925 4077 954 4128 et
978 4073 1185 4130 monasterium
1215 4093 1278 4130 ves·
1442 4075 1446 4080 ’

232 4161 311 4210 trum
335 4159 453 4226 propter
479 4155 705 4210 inobedientiam
726 4161 853 4212 vestram
872 4157 1079 4228 promulgavit,
1109 4175 1173 4230 quae
1195 4157 1279 4226 juxta

231 4245 361 4294 tenorem
384 4239 514 4294 mandati
532 4239 642 4294 domini
659 4257 741 4310 papae
768 4247 862 4312 usqu}
887 4243 924 4294 ad
950 4241 1123 4314 condignam
1149 4241 1278 4298 satisfac·

230 4323 340 4378 tionem
357 4329 403 4378 est
423 4323 610 4380 observanda.
649 4323 732 4380 Licet
752 4331 848 4380 autem
869 4325 900 4378 in
924 4343 975 4382 vos
994 4343 1047 4396 pro
1067 4327 1167 4382 delicti
1185 4329 1277 4384 vestri

232 4407 371 4478 qualitate
393 4405 495 4462 durius
516 4407 614 4462 forsan
633 4413 711 4462 esset
731 4407 1029 4472 animadvertendum,
1057 4409 1158 4464 mitius
1178 4413 1275 4464 tamen

229 4495 381 4552 'vobiscum
401 4513 488 4568 agere
510 4495 648 4562 volentes,
666 4493 785 4550 modum
806 4493 1011 4550 satisfactionis
1031 4496 1085 4550 sub
1108 4497 1162 4550 hac
1180 4497 1274 4552 forma

263 4781 270 4810 ¹
284 4777 468 4848 jurisdictione]
477 4777 671 4844 jurisdictionis,
683 4775 738 4830 MS.
759 4771 765 4842 Ι
812 4771 1153 4838 1σοπιηιιζςεα,οοιιιίεεε,Μ8.
