3300 5666
472 815 691 872 canonicor
705 821 861 872 renarra
877 823 924 872 nn
939 819 1107 872 evasum.
1147 841 1148 844 π
1273 809 1311 870 91

269 1013 331 1076 huc
369 1009 566 1088 veniebant
594 1031 673 1094 quos
710 1031 821 1074 omncs
857 1011 913 1074 ille
950 1009 1003 1082 vir
1029 1009 1215 1088 miseratus
1254 995 1312 1094 pro
1367 1023 1434 1076 An.
1462 1093 1464 1096 Ι

197 1129 198 1132 ’
268 1135 360 1200 posse
398 1135 456 1178 suo
493 1115 609 1178 alebat
671 1113 784 1178 Plures
806 1133 946 1198 namque
981 1111 1039 1176 diu
1069 1109 1216 1198 absorpti
1254 1109 1312 1174 du·
1327 1093 1478 1144 ¹⁰⁷⁰‘¹⁰⁷⁷·

264 1217 396 1280 rissima
410 1217 503 1294 fame,
520 1217 599 1280 dum
615 1217 723 1280 cibum
740 1217 870 1280 avidius
893 1219 1059 1280 sumerent
1082 1215 1311 1280 moriebantur.

267 1319 429 1382 ducebant
466 1319 576 1382 miseri
619 1319 766 1382 homines
800 1339 858 1404 per
889 1323 995 1384 totam
1028 1315 1142 1380 villam
1177 1319 1246 1380 tarn
1277 1317 1313 1380 in

267 1419 418 1484 domibus
441 1441 537 1504 quam
561 1419 690 1494 deforis,
713 1439 772 1484 nec
803 1439 871 1484 nou
903 1425 937 1484 et
970 1421 1007 1482 in
1040 1417 1225 1484 coemeterio
1247 1417 1312 1482 isto

266 1523 425 1608 languidi,
449 1523 514 1586 huc
548 1527 724 1606 antequam
749 1523 903 1586 venirent
938 1521 1023 1586 fame
1056 1521 1251 1606 consumpti,
1278 1523 1311 1584 ct

265 1625 383 1688 idcirco
407 1629 446 1688 ut
469 1625 580 1688 cibum
615 1623 757 1710 corporis
782 1623 971 1688 sentiebant
994 1625 1127 1710 plurimi
1150 1625 1222 1688 vita
1254 1625 1308 1688 de-

265 1727 429 1790 ficiebant.
476 1725 549 1804 Qua
573 1725 612 1790 de
628 1747 663 1790 re
678 1727 767 1790 facta
789 1731 839 1790 ost
862 1747 983 1812 magna
1005 1727 1188 1790 mortalitas
1204 1725 1310 1790 multo

263 1833 408 1914 tempore
443 1829 483 1892 de
513 1827 635 1892 talibus
658 1827 864 1904 hominibus,
897 1829 946 1890 ita
980 1831 1016 1890 ut
1056 1827 1204 1910 quotidie
1241 1827 1308 1892 fere

266 1931 408 2016 quinque
431 1931 483 1994 vel
507 1951 565 1992 sex
587 1929 744 2010 homines,
762 1929 946 2014 'aliquando
968 1929 1092 2014 plures,
1117 1929 1331 1994 miserabili:

264 2039 316 2098 ter
339 2031 513 2096 morientes
547 2053 568 2096 a
599 2033 704 2118 priore
738 2033 837 2116 hujus
857 2031 930 2096 ‘loci
966 2031 1215 2118 sepeliebantur.
1262 2023 1310 2096 Et

246 2139 248 2142 ’
264 2133 419 2218 quoniam
442 2133 573 2220 plurimi
588 2135 716 2220 pueruli
731 2135 819 2200 inter
834 2125 889 2198 cos
905 2135 1119 2214 habebantur,
1137 2135 1311 2220 unicuique

263 2237 417 2302 servienti
441 2237 495 2302 vel
525 2237 676 2302 ministro
700 2237 796 2322 hujus
820 2239 969 2314 ecclesiae,
1000 2259 1059 2302 nec
1090 2253 1156 2300 non
1184 2243 1217 2302 ct
1241 2239 1311 2322 qui-

263 2337 400 2402 busdam
422 2339 578 2402 fratribus
594 2339 636 2402 ad
658 2339 826 2424 hocposse
842 2339 1050 2418 habentibus
1067 2361 1172 2402 unum
1190 2353 1308 2424 pueru-

189 2463 190 2466 ’
262 2443 330 2504 lum
347 2441 498 2504 dominus
513 2441 615 2504 abbas
632 2427 676 2504 ¹ut
699 2441 855 2504 alimento
880 2441 1021 2526 corporis
1045 2445 1310 2504 sustentarentur
1389 2511 1390 2516 ἵ

262 2543 517 2606 commendabat
579 2543 726 2622 Quorum
765 2543 915 2606 nonnulli
961 2543 1056 2628 probi
1094 2543 1158 2606 viri
1196 2547 1309 2628 postea

261 2645 375 2720 effecti,
407 2645 580 2710 in'multis
614 2645 725 2708 officiis
755 2645 914 2710 fratribus
948 2645 1082 2710 honeste
1114 2645 1316 2710 serviebant

261 2747 343 2810 Erat
369 2749 488 2834 quippe
523 2753 603 2812 tunc
636 2747 793 2834 temporis
816 2747 949 2832 quidam
971 2747 1061 2832 prior
1084 2747 1144 2824 hic,
1172 2747 1306 2832 juvenis
1320 2763 1393 2840 Priop

263 2849 396 2936 quidem
431 2869 561 2936 corpore
600 2849 656 2914 sed
690 2855 800 2914 tamen
823 2873 951 2916 morum
983 2851 1149 2936 probitate
1173 2853 1306 2916 aetatem
1320 2831 1410 2882 Alfius.

260 2953 432 3032 transiens,
457 2951 599 3016 Alfricus
630 2953 770 3032 nominc,
794 2953 852 3038 qui
875 2953 952 3018 fecit
986 2951 1140 3016 dorsellos
1163 2951 1305 3036 capituli.

260 3053 360 3120 Hunc
382 3055 484 3121 abbas
508 3055 690 3134 constituit,
718 3059 755 3118 ut
779 3077 890 3136 omnes
921 3041 1190 3142 supervenientes
1216 3035 1307 3140 perb-

258 3159 367 3242 griuos
390 3163 423 3222 et
446 3179 601 3244 pauperes
637 3151 753 3222 devote
786 3159 971 3244 susciperet,
995 3161 1101 3242 atque
1128 3159 1307 3222 neccssaria

258 3261 339 3324 vitae
366 3259 500 3326 sollicite
531 3259 775 3348 administraret
807 3259 860 3324 eis.
923 3261 1081 3344 Praecepit
1105 3261 1202 3324 etiam
1227 3259 1305 3340 cela-

256 3363 343 3424 rario
365 3365 399 3426 et
432 3361 584 3450 omnibus
615 3361 799 3446 praepositis
837 3361 981 3426 abbatiae
1015 3361 1114 3446 hujus
1148 3365 1186 3424 ut
1210 3361 1240 3424 ei
1270 3363 1305 3424 in

259 3464 410 3528 omnibus
449 3463 626 3542 obedirent,
665 3469 698 3528 ct
731 3463 888 3550 quicquid
925 3463 967 3528 ad
1007 3485 1087 3550 opus
1129 3485 1304 3548 egenorum

258 3553 495 3644 constituerat
514 3553 676 3644 videlidet,
708 3587 838 3630 omnem
875 3567 1122 3630 decimationem
1154 3571 1303 3630 suamet

257 3669 390 3756 insuper
422 3671 580 3758 quicquid
615 3669 832 3734 necessarium
875 3669 1011 3740 haberet
1044 3669 1113 3732 sine
1148 3667 1304 3734 dilatione

257 3771 466 3836 abundanter
503 3773 533 3834 ci
570 3771 753 3836 redderent.
802 3771 961 3836 Solebant
998 3769 1062 3834 illis
1102 3770 1325 3856 temporibus·

257 3871 353 3936 multi
375 3871 538 3956 peregrini
554 3871 593 3934 de
610 3871 822 3956 Aquitannia,
849 3873 887 3936 de
912 3871 1081 3950 Hibcrm'a,
1107 3893 1144 3934 ac
1167 3869 1207 3934 de
1230 3871 1303 3934 aliis

257 3973 351 4038 terris
374 3973 524 4058 plurimis
546 3973 610 4036 huc
632 3975 753 4050 venire,
778 3995 858 4056 quos
893 3995 1005 4038 omnes
1028 3973 1091 4038 iste
1124 3973 1301 4058 suscipiens

256 4075 435 4140 necessaria
457 4073 632 4160 praebebat.
680 4075 724 4138 Et
748 4075 903 4158 quoniam
926 4081 1019 4160 pater
1042 4075 1241 4138 Benedictus
1264 4075 1299 4136 in
1315 4089 1490 4168 [negatores.

256 4175 382 4262 Regula
400 4175 506 4260 jubet,
521 4181 560 4240 ut
576 4183 713 4240 “mensa
735 4177 864 4242 abbatis
889 4199 960 4242 cum
983 4179 1161 4264 peregrinis
1176 4183 1209 4242 et
1226 4179 1299 4244 hos
1312 4175 1363 4220 021³·
1376 4157 1431 4222 lu]

254 4279 380 4364 pitibus
393 4277 411 4304 ''
442 4281 510 4356 fiat,
533 4283 659 4364 semper
681 4279 720 4342 de
744 4301 1006 4364 mensaquoque
1029 4301 1088 4342 sua
1110 4281 1177 4364 ipse
1199 4283 1299 4346 abbas
1312 4287 1433 4336 Thenas·

256 4381 403 4464 quotidie
425 4381 580 4446 tredecim
613 4403 770 4466 pauperes
791 4383 926 4468 largiter
961 4383 1148 4462 reficiebat3
1178 4361 1453 4468 praetertaffimi

255 4483 342 4560 istos,
359 4483 401 4548 ad
417 4483 613 4550 Mandatum
638 4485 804 4550 duodecim
830 4507 988 4572 pauperes
1011 4485 1079 4550 sive
1103 4491 1187 4550 essct
1211 4485 1467 4550 domifleeutalms-

254 4611 311 4654 scu
338 4589 417 4654 foris
440 4589 623 4676 specialiter
644 4613 746 4676 usque
770 4591 812 4654 ad
838 4589 925 4654 diem
949 4589 1058 4654 obitus
1079 4589 1129 4652 sui
1145 4589 1296 4666 habebat,
1310 4553 1426 4670 ἓξῖἶῗοΐ

255 4695 312 4778 qui
338 4695 464 4760 victum
488 4701 521 4760 et
548 4693 706 4760 vestitum
738 4697 774 4758 in
796 4695 948 4762 omnibus
971 4695 1074 4760 veluti
1109 4717 1194 4760 unus
1229 4717 1296 4760 mo·
1310 4687 1436 4790 Agelwyp

255 4801 378 4870 uachus
420 4823 544 4894 semper
575 4801 748 4868 habebant.
812 4801 960 4886 Quorum
991 4801 1088 4892 pedes
1118 4807 1152 4868 et
1178 4823 1296 4868 manus
