3308 5666
406 729 469 794 196
509 731 514 800 ss
605 703 805 794 cnaorrcor
827 737 984 792 nneacrn
1008 743 1055 790 na
1077 739 1248 794 masma.

199 953 201 958 ·
236 939 304 992 AD.
318 935 390 994 1206.
402 927 431 992 si
459 921 544 994 forte
575 933 690 994 contra
711 925 921 1014 privilegium
952 931 1104 992 nostrum
1119 947 1250 992 -manus
1273 925 1315 990 ad
1339 923 1450 1010 diripi-

324 1093 328 1100 .
355 1087 356 1090 ¹
402 1031 501 1098 endos
525 1033 675 1098 redditus
694 1055 695 1058 ¹
711 1029 824 1094 officiis
857 1031 1091 1096 monachorum
1118 1031 1302 1116 assignatos
1325 1027 1450 1092 vellent

402 1155 572 1222 apponere,
594 1155 658 1198 nce¹
676 1137 786 1220 posset
802 1133 921 1218 aliquis
933 1133 1122 1222 ‘monachus
1143 1133 1229 1198 hanc
1251 1133 1449 1218 potestatem

401 1237 464 1302 sibi
495 1259 658 1316 assumere
689 1241 765 1322 post
797 1239 936 1304 mortem
968 1223 1103 1300 abbatis
1135 1235 1201 1300 nisi
1238 1255 1275 1298 eo
1308 1225 1445 1320 pivente

232 1349 390 1430 Rogana·
401 1337 491 1404 illam
509 1365 514 1400 η
529 1337 719 1406 habuisset„
770 1337 834 1402 His
868 1337 909 1404 de
943 1337 1049 1404 causis
1088 1337 1253 1424 quendam
1292 1357 1449 1422 magnum

233 1431 357 1534 ffaffi’f
400 1441 519 1526 virum,
535 1465 536 1470 ¹
552 1437 716 1528 Ro'gemm
752 1433 881 1506 ⁵scilicet
917 1439 1026 1506 filium
1064 1439 1225 1518 Mauricii,
1256 1437 1448 1504 canonicum

233 1547 366 1614 Hereforc,
402 1543 689 1622 Herefordensem,
725 1543 780 1608 cui
810 1543 911 1608 abbas
935 1539 1131 1632 contulerat
1146 1543 1341 1610 decanatum
1366 1541 1449 1604 citra

232 1617 352 1734 ffissffide
401 1651 597 1712 consensum
617 1651 810 1724 conventus,
839 1645 980 1712 viriliter
1002 1647 1044 1712 ab
1068 1645 1210 1712 ecclesiis
1243 1643 1448 1710 Eveshamiae

233 1749 362 1814 decemp,
398 1749 478 1814 ubi<
491 1743 636 1836 capitula
653 1747 654 1752 ’
669 1739 780 1814 voluit¹
813 1747 977 1814 celebrare
1011 1749 1204 1836 expellendo
1230 1745 1392 1834 ejecimus,
1415 1751 1449 1810 et

232 1817 387 1948 {lffffl'
400 1853 501 1918 etiam
536 1873 638 1938 quum
670 1853 707 1916 in
741 1849 837 1916 domo
869 1871 930 1916 sua
950 1849 1053 1916 vellet
1068 1931 1069 1934 Ἴ
1082 1851 1264 1938 ¹capitulum
1288 1849 1458 1916 celebrare

231 1949 373 2026 ppintedin
398 1955 627 2040 prohibuimus
640 1947 773 2020 ¹clericis
796 1959 831 2018 et
852 1953 944 2018 laicis
965 1947 1017 2018 ne
1031 1953 1062 2018 ei
1086 1953 1264 2030 obedirent,
1288 1957 1322 2016 et
1345 1951 1448 2038 coegi-

209 2015 363 2070 ,hasam
400 2077 474 2120 mus
508 2077 561 2122 eos
593 2057 672 2134 inde
706 2045 863 2124 recedere.
912 2055 985 2134 Quo
1018 2055 1067 2134 ita
1088 2079 1109 2118 a
1133 2055 1293 2122 decanatu
1328 2057 1446 2130 amoto,

398 2159 505 2224 factus
527 2181 599 2222 sum
622 2181 680 2246 ego
696 2159 846 2238 decenne,
862 2163 896 2222 et
918 2159 1051 2222 functus
1074 2177 1148 2222 sum
1172 2157 1275 2222 officio
1299 2155 1355 2222 illo
1379 2177 1446 2222 om·-

398 2261 495 2326 nibus
518 2261 633 2326 diebus
666 2279 770 2346 usque
793 2261 872 2326 dum
894 2261 964 2326 haec
987 2259 1109 2346 scripta
1131 2265 1227 2338 sunt,
1241 2261 1341 2326 etiam
1365 2261 1446 2322 tem-

397 2365 474 2450 pore
496 2363 660 2450 prioratus
683 2363 775 2432 mei,¹
800 2361 973 2426 Audistis¹
998 2363 1098 2428 etiam
1123 2363 1210 2448 quod
1233 2363 1316 2426 circa
1339 2381 1446 2446 recep-

337 2507 341 2516 ,
396 2465 522 2532 tionem
548 2471 583 2530 et
612 2465 874 2552 procurationem
909 2465 1130 2546 archidiaconi
1161 2465 1249 2530 facta
1268 2471 1323 2530 est
1345 2465 1445 2528 inter-

396 2569 507 2656 ruptio
530 2567 688 2654 quamvis
704 2567 877 2644 caritative
900 2567 1216 2654 eosrecepc1imus3
1239 2567 1327 2632 unde
1350 2567 1446 2630 valde

397 2671 580 2736 cavendum
596 2677 646 2736 est
667 2693 708 2736 ne
731 2693 879 2756 unquam
896 2671 1083 2758 episcopum
1106 2673 1160 2736 vel
1182 2665 1445 2736 archidiaconum

396 2771 625 2858 Wigornenses
648 2773 758 2838 etiarn
784 2771 957 2838 caritative
978 2777 1138 2858 petentes,
1161 2773 1215 2838 vel
1238 2771 1338 2838 etiam
1371 2793 1445 2836 cnm

228 2875 339 2948 Bishops
396 2873 503 2960 legato
539 2875 687 2950 Romano
718 2873 772 2940 vel
791 2873 963 2960 regesve]
995 2873 1235 2960 archiepiscopo
1267 2873 1445 2950 venientes,

228 2943 376 3060 fflssffihgf
396 2975 451 3040 vel
473 2997 666 3062 quocunque
689 2975 754 3040 alio
785 2975 891 3054 modo,
913 2975 1101 3042 admittatis
1127 2975 1170 3040 ad
1193 2975 1303 3040 cibum
1326 2975 1380 3040 vel
1403 2975 1444 3038 ad
1501 3029 1502 3032 ,

227 3075 378 3192 W0rssfi⁵ters
396 3077 461 3142 alia
482 3077 525 3142 ad
547 3099 622 3162 quae
644 3077 725 3142 alios
747 3077 962 3156 admittimus,
978 3077 1066 3164 quia
1079 3077 1445 3164 semperintcrpretan·

227 3157 383 3272 fssngf'tssgst
396 3183 475 3246 dum
491 3187 541 3248 est
556 3203 616 3266 pro
628 3181 709 3266 jure„
719 3181 894 3246 communi.
913 3219 914 3222 =
940 3179 1086 3248 Priorem
1102 3203 1181 3248 vero
1197 3183 1443 3268 Wigornensem

226 3275 339 3394 ffllss
350 3345 381 3396 cc
395 3289 428 3350 et
446 3283 710 3350 archidiaconum
726 3283 1016 3362 Gloucestrensem,
1032 3283 1097 3350 nisi
1119 3287 1204 3350 forte
1219 3285 1351 3350 nomine
1376 3283 1443 3348 offi-
1474 3295 1476 3300 '

227 3409 349 3460 admeec
394 3385 536 3450 cialimn¹
549 3385 714 3472 petierint,
737 3387 820 3450 bene
841 3387 984 3470 potestis
1006 3387 1289 3466 admittere,'nam
1312 3387 1443 3450 nomine

226 3473 370 3594 ffiffiotsse
394 3487 769 3576 officialiumneminem
798 3487 994 3566 admittetis,
1025 3511 1084 3554 nec
1109 3489 1197 3574 quod
1220 3489 1353 3574 aliquod
1377 3487 1443 3552 offi-

225 3557 342 3674 ωηιξη.
365 3651 367 3656 χ
393 3587 480 3654 cium
503 3589 590 3656 infin
611 3591 732 3656 vadlem
756 3589 856 3654 etiam
880 3589 921 3656 de
944 3591 1014 3656 suis
1040 3591 1245 3680 parochianis
1269 3595 1442 3656 exerceant

224 3679 288 3752 text,
391 3691 599 3776 permittetis.
646 3693 757 3780 Igitur
787 3713 891 3776 quum
925 3713 967 3758 ex
998 3693 1182 3780 privilegiis
1217 3699 1251 3758 et
1285 3715 1327 3758 ex
1360 3713 1443 3780 prae·

240 3803 257 3872 J
336 3853 356 3868 ,,
393 3793 567 3878 scriptione
584 3793 689 3870 omnis
704 3795 840 3860 libertas
854 3793 952 3880 hujus
968 3795 1110 3860 ecclesiae
1125 3795 1317 3882 dependeat,
1331 3799 1440 3860 cavete

392 3895 495 3974 vobis,
518 3917 629 3962 omnes
661 3897 725 3960 filii
757 3895 856 3982 hujus
887 3897 1038 3974 ecclesia,
1061 3919 1103 3962 ne
1125 3917 1275 3982 unquam
1298 3895 1439 3962 utamini

387 3995 463 4082 jure
497 3999 663 4064 communi
695 3999 760 4062 ubi
778 3993 834 4082 jus
862 3999 999 4086 speciade
1026 3999 1165 4076 habetis,
1187 4003 1266 4070 nani
1288 3999 1329 4066 de
1352 3995 1441 4062 facili

217 4149 218 4152 η
316 4147 321 4168 ,
390 4097 606 4164 admittatur²
636 4099 794 4186 possessio
826 4099 991 4166 libertatis
1023 4101 1101 4188 quia
1117 4129 1119 4134 ·
1133 4099 1299 4184 exemptio
1327 4103 1457 4166 cont1a'

386 4199 442 4286 jus
465 4221 636 4266 commune
659 4209 717 4280 est,
734 4207 772 4272 et,
789 4201 944 4268 facillime
967 4203 1222 4290 interrumpitur
1234 4199 1440 4288 praescriptio

421 4445 429 4506 1
442 4445 498 4496 The
513 4459 617 4510 passage
633 4445 698 4494 nom
715 4445 795 4496 hence
807 4451 833 4496 to
845 4447 887 4496 the
971 4445 1147 4512 2αάηιίιταῖιιν]
1161 4445 1295 4506 amittam,
1312 4445 1389 4508 Vesp.
1406 4443 1437 4492 B.

388 4523 479 4574 endof
491 4523 534 4574 the
550 4523 644 4592 section
662 4525 707 4576 has
723 4527 786 4574 been
796 4527 887 4574 substi·
915 4525 1010 4574 -mriv¹
1043 4531 1089 4586 133
1113 4527 1248 4578 ‚donbtlese
1276 4525 1318 4574 the
1343 4525 1438 4574 correct

389 4603 459 4652 tuted
474 4605 513 4652 for
529 4619 544 4652 a
562 4605 639 4652 much
657 4605 755 4656 shorter
776 4619 886 4672 passage,
937 4605 1050 4668 reading.

340 4741 342 4744 Ι
389 4679 473 4732 which
484 4681 529 4734 has
539 4685 603 4736 been
609 4683 725 4750 ,enmdy'
733 4685 843 4736 erased'
