3300 5666
618 1271 845 1348 APPENDIX
866 1271 916 1346 ΤΟ
939 1271 1148 1350 Poimen.

731 1451 1009 1462 -n--n-——n—

732 1579 895 1648 ,L

515 1733 636 1800 Warrs
659 1745 816 1800 10111111
839 1733 1028 1802 Ruoovuar
1054 1751 1096 1802 or
1121 1733 1247 1800 Luras.

509 1865 600 1934 [Vesp.
615 1865 647 1916 B.
659 1865 730 1918 xxiv.
746 1865 763 1918 1.
777 1871 816 1928 24,
833 1867 945 1928 Prciooe,
956 1883 979 1932 p.
993 1867 1057 1928 xiii,
1074 1867 1149 1928 Text,
1160 1883 1185 1930 p.
1198 1865 1251 1932 ot]

404 1991 455 2058 W,
479 1991 558 2056 Rnx
579 1991 772 2078 Anglorum
790 1991 969 2056 Lanfranco
992 1991 1232 2078 archiepiscopo
1247 1997 1280 2056 et
1297 1989 1405 2058 Odoni

360 2093 529 2158 Baiacensi
561 2093 711 2180 episcopo
742 2099 776 2160 et
808 2093 958 2160 omnibus
990 2093 1168 2160 baronibus
1201 2093 1267 2158 suis
1301 2093 1404 2160 totius

360 2195 498 2282 Angla,
521 2195 667 2262 salutem.
725 2195 844 2262 Sciatis
875 2219 927 2262 me
962 2195 1088 2262 dedisse
1122 2195 1193 2260 Deo
1223 2199 1257 2262 et
1284 2201 1405 2262 sauctae

360 2297 476 2364 Mariae
507 2303 540 2366 et
575 2297 749 2385 W[altcro]
785 2297 896 2364 abbati
927 2299 966 2364 de
998 2297 1170 2378 Evcsham‚
1201 2297 1341 2364 Westun
1371 2303 1405 2364 et

361 2395 514 2468 chllam
543 2405 577 2468 et
608 2399 878 2486 Beniugwrtbam
912 2405 946 2466 et
978 2401 1059 2466 alias
1089 2405 1193 2468 terras
1225 2423 1306 2486 quas
1336 2401 1405 2488 ipse

359 2503 459 2570 abbas
482 2503 699 2570 diratiouavit
719 2525 827 2570 coram
847 2503 960 2570 multis
975 2503 1153 2568 baronibus
1176 2503 1257 2568 meis
1271 2501 1406 2590 Agilde-

362 2609 473 2694 burga,
494 2611 528 2672 et
550 2609 624 2674 volo
648 2611 681 2672 et
703 2607 842 2672 firmiter
865 2607 1017 2694 praecipio
1041 2611 1082 2672 ut
1105 2627 1178 2672 cum
1193 2605 1255 2672 tadi
1278 2607 1348 2692 lege
1370 2613 1405 2674 et

360 2709 512 2774 libertate
544 2715 657 2776 teneat
687 2711 786 2796 ipsas
805 2713 909 2774 terras
941 2707 1025 2774 sicut
1055 2729 1200 2794 unquam
1223 2713 1407 2774 antecessor

361 2813 431 2898 ejus
462 2811 579 2878 melius
593 2809 703 2878 tenuit
725 2815 870 2898 tempore
899 2809 998 2898 Regis
1021 2809 1179 2876 Edwardi
1205 2817 1239 2878 et
1264 2831 1344 2890 meo,
1371 2819 1405 2878 et

361 2915 511 3002 praccipio
544 2921 583 2980 ut
614 2915 724 2980 nullus
755 2935 851 3002 super
880 2913 1100 2980 defensionem
1131 2937 1237 2980 meam
1268 2915 1309 2978 de
1340 2913 1406 2980 iliis

361 3019 456 3084 terris
479 3017 624 3104 aliquam
647 3019 844 3084 calumniam
867 3017 896 3082 ei
919 3017 1027 3084 faciat.

407 3119 480 3186 Odo
503 3119 689 3184 Baiooensis
712 3119 879 3206 episcopus
901 3119 1053 3186 Wlstano
1077 3121 1234 3208 episcopo,
1258 3117 1344 3184 Urso
1372 3125 1406 3186 et

362 3221 519 3288 Durando
560 3225 595 3288 et
636 3221 728 3300 wal„
768 3221 1014 3288 vicecomitibus
1056 3221 1096 3288 de
1127 3221 1406 3290 Wirecestreshire

362 3331 396 3392 et
412 3323 685 3392 Gloucestreshire
709 3329 743 3390 et
758 3323 1007 3404 Warewicscirc‚
1032 3331 1066 3392 et
1088 3325 1239 3390 omnibus
1254 3323 1406 3392 fidelibus

362 3427 470 3514 Regis,
490 3425 625 3492 Francis
647 3431 682 3492 et
697 3427 823 3512 Anglis,
848 3427 994 3492 salutem.
1041 3427 1160 3494 Sciatis
1184 3449 1295 3492 omnes
1317 3427 1406 3512 quod

363 3531 514 3596 dominus
536 3551 627 3596 meus
641 3529 691 3596 W.
707 3529 780 3596 Rex
802 3529 947 3596 reddidit
962 3531 1032 3596 Deo
1048 3535 1082 3596 et
1105 3529 1248 3596 ecclesiae
1263 3521 1303 3596 de
1320 3529 1406 3596 Eve-

362 3631 455 3698 sham
478 3637 513 3698 et
536 3631 712 3721 W[altero]
735 3631 859 3716 abbati
875 3631 948 3698 illas
971 3635 1073 3698 terras
1103 3653 1183 3720 quas
1212 3631 1280 3720 ipse
1305 3631 1405 3698 abbas

237 3753 240 3762 ‘
364 3735 577 3826 explacitavit
607 3757 715 3802 coram
746 3737 801 3802 vii.
824 3737 944 3802 schires
966 3735 1009 3800 ad
1033 3735 1272 3824 Gildeueberga
1293 3741 1407 3802 contra

363 3861 475 3906 omues
497 3839 620 3924 injuste
641 3861 696 3904 eas
711 3843 905 3926 quarentes,
928 3839 989 3904 hoc
1009 3843 1068 3916 est,
1085 3839 1220 3904 Weston
1238 3845 1273 3906 et
1288 3839 1407 3904 Swella
1449 3867 1450 3872 ¹

336 4003 338 4008 .
363 3947 399 4006 et
420 3941 659 4026 Beuingwrtba
681 3945 716 4006 et
731 3941 899 4020 Biviuton‚
916 3941 1174 4006 Withlakesford
1198 3945 1232 4006 et
1248 3941 1407 4026 Oleberga

364 4047 398 4108 et
420 4043 637 4108 Kinewartou
659 4047 693 4108 et
716 4039 1009 4108 Hildeburewrtha
1031 4049 1065 4110 et
1088 4041 1251 4130 Rageleia,
1277 4049 1310 4110 ct
1334 4065 1407 4108 cou-

364 4151 490 4214 stanter
512 4139 651 4212 defendo
674 4151 824 4232 exparte
848 4145 947 4234 Regis
970 4151 1009 4212 ut
1022 4145 1133 4212 nulius
1149 4147 1288 4234 amplius
1311 4169 1408 4236 super

365 4249 424 4316 hoo
439 4251 469 4316 ei
482 4249 681 4336 injustitiam
703 4249 810 4328 faciat,
833 4249 889 4316 sed
911 4249 992 4316 istas
1015 4255 1047 4316 et
1071 4271 1182 4316 omnes
1203 4251 1284 4316 aliae
1306 4257 1408 4316 terras

365 4375 437 4418 cum
472 4373 590 4440 magno
622 4353 744 4418 honore
777 4359 812 4420 et
842 4373 920 4440 pace
953 4357 1074 4430 teneat,
1110 4359 1144 4420 et
1177 4355 1301 4420 nemini
1332 4355 1409 4420 iude

364 4457 560 4542 respoudeat
582 4457 645 4520 nisi
671 4455 760 4544 Regi.

750 4719 876 4726 .-....—....—.
882 4717 1054 4726 .--.-.-..-.-..-κ.
