<?xml version="1.0" encoding="UTF-8"?>
<!DOCTYPE html PUBLIC "-//W3C//DTD XHTML 1.0 Transitional//EN"
    "http://www.w3.org/TR/xhtml1/DTD/xhtml1-transitional.dtd">
<html xmlns="http://www.w3.org/1999/xhtml" xml:lang="en" lang="en">
 <head>
  <title>
</title>
<meta http-equiv="Content-Type" content="text/html;charset=utf-8" />
  <meta name='ocr-system' content='tesseract 3.04.00' />
  <meta name='ocr-capabilities' content='ocr_page ocr_carea ocr_par ocr_line ocrx_word'/>
</head>
<body>
  <div class='ocr_page' id='page_1' title='image "./chroniconabbati01marlgoog/chroniconabbati01marlgoog_0252.png"; bbox 0 0 3308 5666; ppageno 0'>
   <div class='ocr_carea' id='block_1_1' title="bbox 218 685 1383 798">
    <p class='ocr_par' dir='ltr' id='par_1_1' title="bbox 218 685 1383 798">
     <span class='ocr_line' id='line_1_1' title="bbox 218 685 1383 798; baseline -0.008 -29"><span class='ocrx_word' id='word_1_1' title='bbox 218 685 219 688; x_wconf 23' lang='lat'>¹</span> <span class='ocrx_word' id='word_1_2' title='bbox 311 767 312 772; x_wconf 74' lang='grc'>,</span> <span class='ocrx_word' id='word_1_3' title='bbox 381 705 465 798; x_wconf 18' lang='grc'><strong>,1941</strong></span> <span class='ocrx_word' id='word_1_4' title='bbox 592 719 801 770; x_wconf 22' lang='grc'><strong>1011011001</strong></span> <span class='ocrx_word' id='word_1_5' title='bbox 824 693 983 768; x_wconf 73' lang='lat' dir='ltr'>annana</span> <span class='ocrx_word' id='word_1_6' title='bbox 1006 719 1053 768; x_wconf 86' lang='lat' dir='ltr'>nn</span> <span class='ocrx_word' id='word_1_7' title='bbox 1070 717 1271 772; x_wconf 59' lang='grc'><strong>1111111,</strong></span> <span class='ocrx_word' id='word_1_8' title='bbox 1382 757 1383 760; x_wconf 74' lang='grc'>,</span> 
     </span>
    </p>
   </div>
   <div class='ocr_carea' id='block_1_2' title="bbox 175 903 1449 1076">
    <p class='ocr_par' dir='ltr' id='par_1_2' title="bbox 175 903 1449 1076">
     <span class='ocr_line' id='line_1_2' title="bbox 175 903 1449 992; baseline 0.006 -32"><span class='ocrx_word' id='word_1_9' title='bbox 175 913 201 924; x_wconf 71' lang='grc'>”</span> <span class='ocrx_word' id='word_1_10' title='bbox 231 907 300 964; x_wconf 81' lang='lat' dir='ltr'>An.</span> <span class='ocrx_word' id='word_1_11' title='bbox 314 917 385 964; x_wconf 83' lang='lat' dir='ltr'>laos.</span> <span class='ocrx_word' id='word_1_12' title='bbox 397 905 567 972; x_wconf 91' lang='lat' dir='ltr'>scientiam</span> <span class='ocrx_word' id='word_1_13' title='bbox 605 907 864 972; x_wconf 86' lang='lat' dir='ltr'>adversariorum</span> <span class='ocrx_word' id='word_1_14' title='bbox 903 905 1029 992; x_wconf 14' lang='lat' dir='ltr'>eadem*</span> <span class='ocrx_word' id='word_1_15' title='bbox 1054 903 1231 992; x_wconf 87' lang='lat' dir='ltr'>pervenire.</span> <span class='ocrx_word' id='word_1_16' title='bbox 1301 903 1350 968; x_wconf 92' lang='lat' dir='ltr'>De</span> <span class='ocrx_word' id='word_1_17' title='bbox 1388 903 1449 968; x_wconf 95' lang='lat' dir='ltr'>hoc</span> 
     </span>
     <span class='ocr_line' id='line_1_3' title="bbox 221 999 1449 1076; baseline -0.002 -3"><span class='ocrx_word' id='word_1_18' title='bbox 221 1013 222 1016; x_wconf 73' lang='grc'>’</span> <span class='ocrx_word' id='word_1_19' title='bbox 398 1011 509 1074; x_wconf 92' lang='lat' dir='ltr'>tamen</span> <span class='ocrx_word' id='word_1_20' title='bbox 531 999 775 1074; x_wconf 59' lang='lat' dir='ltr'>omnes&#39;fideles</span> <span class='ocrx_word' id='word_1_21' title='bbox 809 1013 842 1074; x_wconf 94' lang='lat' dir='ltr'>et</span> <span class='ocrx_word' id='word_1_22' title='bbox 877 1001 997 1076; x_wconf 87' lang='lat' dir='ltr'>amicos</span> <span class='ocrx_word' id='word_1_23' title='bbox 1017 1007 1278 1074; x_wconf 68' lang='lat' dir='ltr'>&#39;Eveshamensis</span> <span class='ocrx_word' id='word_1_24' title='bbox 1309 1005 1449 1072; x_wconf 82' lang='lat' dir='ltr'>ecclesiae</span> 
     </span>
    </p>
   </div>
   <div class='ocr_carea' id='block_1_3' title="bbox 169 1101 1524 4170">
    <p class='ocr_par' dir='ltr' id='par_1_3' title="bbox 396 1101 1447 1200">
     <span class='ocr_line' id='line_1_4' title="bbox 396 1101 1447 1200; baseline -0.004 -22"><span class='ocrx_word' id='word_1_25' title='bbox 396 1117 587 1200; x_wconf 84' lang='lat' dir='ltr'>praemunio‚</span> <span class='ocrx_word' id='word_1_26' title='bbox 603 1119 642 1180; x_wconf 89' lang='lat' dir='ltr'>ut</span> <span class='ocrx_word' id='word_1_27' title='bbox 665 1115 806 1190; x_wconf 85' lang='lat' dir='ltr'>caveatis</span> <span class='ocrx_word' id='word_1_28' title='bbox 828 1117 921 1180; x_wconf 81' lang='lat' dir='ltr'>vobis</span> <span class='ocrx_word' id='word_1_29' title='bbox 945 1117 985 1180; x_wconf 92' lang='lat' dir='ltr'>de</span> <span class='ocrx_word' id='word_1_30' title='bbox 1009 1117 1130 1188; x_wconf 91' lang='lat' dir='ltr'>decano</span> <span class='ocrx_word' id='word_1_31' title='bbox 1152 1101 1264 1186; x_wconf 79' lang='lat' dir='ltr'>vestro</span> <span class='ocrx_word' id='word_1_32' title='bbox 1286 1115 1320 1178; x_wconf 95' lang='lat' dir='ltr'>et</span> <span class='ocrx_word' id='word_1_33' title='bbox 1343 1111 1447 1196; x_wconf 93' lang='lat' dir='ltr'>capel-</span> 
     </span>
    </p>

    <p class='ocr_par' dir='ltr' id='par_1_4' title="bbox 357 1213 1524 1406">
     <span class='ocr_line' id='line_1_5' title="bbox 357 1213 1447 1304; baseline 0 -24"><span class='ocrx_word' id='word_1_34' title='bbox 357 1229 359 1232; x_wconf 81' lang='grc'><strong><em>·</em></strong></span> <span class='ocrx_word' id='word_1_35' title='bbox 395 1217 480 1284; x_wconf 91' lang='lat' dir='ltr'>lanis</span> <span class='ocrx_word' id='word_1_36' title='bbox 499 1217 618 1284; x_wconf 86' lang='lat' dir='ltr'>vestris</span> <span class='ocrx_word' id='word_1_37' title='bbox 633 1221 668 1282; x_wconf 88' lang='lat' dir='ltr'>et</span> <span class='ocrx_word' id='word_1_38' title='bbox 682 1217 887 1304; x_wconf 79' lang='lat' dir='ltr'>parochianis</span> <span class='ocrx_word' id='word_1_39' title='bbox 902 1219 1030 1298; x_wconf 86' lang='lat' dir='ltr'>vestris,</span> <span class='ocrx_word' id='word_1_40' title='bbox 1047 1217 1125 1304; x_wconf 90' lang='lat' dir='ltr'>quia</span> <span class='ocrx_word' id='word_1_41' title='bbox 1146 1237 1257 1282; x_wconf 88' lang='lat' dir='ltr'>omnes</span> <span class='ocrx_word' id='word_1_42' title='bbox 1280 1213 1447 1302; x_wconf 81' lang='lat' dir='ltr'>praedictae</span> 
     </span>
     <span class='ocr_line' id='line_1_6' title="bbox 396 1317 1524 1406; baseline -0.002 -22"><span class='ocrx_word' id='word_1_43' title='bbox 396 1319 651 1406; x_wconf 68' lang='lat' dir='ltr'><strong>interruptiones</strong></span> <span class='ocrx_word' id='word_1_44' title='bbox 683 1341 741 1404; x_wconf 88' lang='lat' dir='ltr'>per</span> <span class='ocrx_word' id='word_1_45' title='bbox 772 1319 904 1386; x_wconf 84' lang='lat' dir='ltr'>illorum</span> <span class='ocrx_word' id='word_1_46' title='bbox 938 1321 1108 1398; x_wconf 84' lang='lat' dir='ltr'>defectum,</span> <span class='ocrx_word' id='word_1_47' title='bbox 1133 1317 1380 1404; x_wconf 70' lang='lat' dir='ltr'>nnegligentiam</span> <span class='ocrx_word' id='word_1_48' title='bbox 1414 1321 1448 1382; x_wconf 89' lang='lat' dir='ltr'>et</span> <span class='ocrx_word' id='word_1_49' title='bbox 1523 1341 1524 1344; x_wconf 44' lang='lat'>¹</span> 
     </span>
    </p>

    <p class='ocr_par' dir='ltr' id='par_1_5' title="bbox 169 1419 1492 2940">
     <span class='ocr_line' id='line_1_7' title="bbox 309 1419 1447 1510; baseline -0.002 -24"><span class='ocrx_word' id='word_1_50' title='bbox 309 1463 315 1476; x_wconf 67' lang='grc'><strong>«</strong></span> <span class='ocrx_word' id='word_1_51' title='bbox 395 1423 565 1500; x_wconf 87' lang='lat' dir='ltr'>malitiam,</span> <span class='ocrx_word' id='word_1_52' title='bbox 587 1425 707 1510; x_wconf 85' lang='lat' dir='ltr'>praeter</span> <span class='ocrx_word' id='word_1_53' title='bbox 730 1443 920 1488; x_wconf 88' lang='lat' dir='ltr'>consensum</span> <span class='ocrx_word' id='word_1_54' title='bbox 955 1427 988 1490; x_wconf 93' lang='lat' dir='ltr'>et</span> <span class='ocrx_word' id='word_1_55' title='bbox 1021 1423 1227 1488; x_wconf 81' lang='lat' dir='ltr'>voluntatem</span> <span class='ocrx_word' id='word_1_56' title='bbox 1259 1419 1389 1484; x_wconf 87' lang='lat' dir='ltr'>abbatis</span> <span class='ocrx_word' id='word_1_57' title='bbox 1412 1423 1447 1484; x_wconf 89' lang='lat' dir='ltr'>et</span> 
     </span>
     <span class='ocr_line' id='line_1_8' title="bbox 392 1509 1445 1612; baseline -0.006 -20"><span class='ocrx_word' id='word_1_58' title='bbox 392 1521 584 1602; x_wconf 85' lang='lat' dir='ltr'>conventus,</span> <span class='ocrx_word' id='word_1_59' title='bbox 608 1509 825 1612; x_wconf 84' lang='lat' dir='ltr'>contigerunt,</span> <span class='ocrx_word' id='word_1_60' title='bbox 842 1531 876 1592; x_wconf 89' lang='lat' dir='ltr'>et</span> <span class='ocrx_word' id='word_1_61' title='bbox 898 1533 1011 1592; x_wconf 91' lang='lat' dir='ltr'>tamen</span> <span class='ocrx_word' id='word_1_62' title='bbox 1033 1517 1389 1612; x_wconf 85' lang='lat' dir='ltr'>propterimperitiam</span> <span class='ocrx_word' id='word_1_63' title='bbox 1412 1527 1445 1586; x_wconf 94' lang='lat' dir='ltr'>et</span> 
     </span>
     <span class='ocr_line' id='line_1_9' title="bbox 394 1615 1445 1714; baseline -0.001 -25"><span class='ocrx_word' id='word_1_64' title='bbox 394 1627 627 1714; x_wconf 77' lang='lat' dir='ltr'>negligentiam</span> <span class='ocrx_word' id='word_1_65' title='bbox 659 1631 803 1692; x_wconf 86' lang='lat' dir='ltr'>nostram</span> <span class='ocrx_word' id='word_1_66' title='bbox 826 1649 864 1692; x_wconf 92' lang='lat' dir='ltr'>ac</span> <span class='ocrx_word' id='word_1_67' title='bbox 887 1629 914 1692; x_wconf 91' lang='lat' dir='ltr'>si</span> <span class='ocrx_word' id='word_1_68' title='bbox 936 1649 996 1692; x_wconf 91' lang='lat' dir='ltr'>nos</span> <span class='ocrx_word' id='word_1_69' title='bbox 1019 1629 1082 1714; x_wconf 91' lang='lat' dir='ltr'>ipsi</span> <span class='ocrx_word' id='word_1_70' title='bbox 1106 1649 1144 1692; x_wconf 91' lang='lat' dir='ltr'>ea</span> <span class='ocrx_word' id='word_1_71' title='bbox 1176 1615 1445 1704; x_wconf 72' lang='lat' dir='ltr'>commisissemus</span> 
     </span>
     <span class='ocr_line' id='line_1_10' title="bbox 229 1719 1446 1818; baseline 0 -30"><span class='ocrx_word' id='word_1_72' title='bbox 229 1735 371 1818; x_wconf 65' lang='lat' dir='ltr'>Gonplaint</span> <span class='ocrx_word' id='word_1_73' title='bbox 392 1751 452 1814; x_wconf 88' lang='lat' dir='ltr'>pro</span> <span class='ocrx_word' id='word_1_74' title='bbox 476 1729 571 1816; x_wconf 86' lang='lat' dir='ltr'>culpa</span> <span class='ocrx_word' id='word_1_75' title='bbox 592 1729 686 1794; x_wconf 90' lang='lat' dir='ltr'>nobis</span> <span class='ocrx_word' id='word_1_76' title='bbox 709 1731 820 1794; x_wconf 87' lang='lat' dir='ltr'>eadem</span> <span class='ocrx_word' id='word_1_77' title='bbox 835 1733 1043 1816; x_wconf 84' lang='lat' dir='ltr'>reputantur.</span> <span class='ocrx_word' id='word_1_78' title='bbox 1101 1727 1269 1814; x_wconf 87' lang='lat' dir='ltr'>Oapellani</span> <span class='ocrx_word' id='word_1_79' title='bbox 1284 1719 1371 1792; x_wconf 85' lang='lat' dir='ltr'>enim</span> <span class='ocrx_word' id='word_1_80' title='bbox 1387 1727 1446 1790; x_wconf 78' lang='lat' dir='ltr'>du-</span> 
     </span>
     <span class='ocr_line' id='line_1_11' title="bbox 184 1803 1443 1932; baseline -0.003 -36"><span class='ocrx_word' id='word_1_81' title='bbox 184 1865 186 1872; x_wconf 95' lang='lat'>·</span> <span class='ocrx_word' id='word_1_82' title='bbox 226 1803 382 1932; x_wconf 48' lang='lat' dir='ltr'>ssefgffilfflsse</span> <span class='ocrx_word' id='word_1_83' title='bbox 393 1853 486 1896; x_wconf 89' lang='lat' dir='ltr'>arum</span> <span class='ocrx_word' id='word_1_84' title='bbox 501 1825 707 1912; x_wconf 85' lang='lat' dir='ltr'>ecclesiarum</span> <span class='ocrx_word' id='word_1_85' title='bbox 731 1831 771 1898; x_wconf 90' lang='lat' dir='ltr'>de</span> <span class='ocrx_word' id='word_1_86' title='bbox 794 1831 958 1896; x_wconf 88' lang='lat' dir='ltr'>Evesham</span> <span class='ocrx_word' id='word_1_87' title='bbox 974 1833 1057 1896; x_wconf 91' lang='lat' dir='ltr'>citra</span> <span class='ocrx_word' id='word_1_88' title='bbox 1079 1851 1272 1896; x_wconf 89' lang='lat' dir='ltr'>consensum</span> <span class='ocrx_word' id='word_1_89' title='bbox 1295 1829 1443 1894; x_wconf 87' lang='lat' dir='ltr'>nostrum</span> 
     </span>
     <span class='ocr_line' id='line_1_12' title="bbox 227 1931 1492 2020; baseline -0.006 -19"><span class='ocrx_word' id='word_1_90' title='bbox 227 1933 355 2000; x_wconf 67' lang='lat' dir='ltr'>cllaelaios</span> <span class='ocrx_word' id='word_1_91' title='bbox 394 1931 584 1998; x_wconf 89' lang='lat' dir='ltr'>detulerunt</span> <span class='ocrx_word' id='word_1_92' title='bbox 607 1935 811 2020; x_wconf 86' lang='lat' dir='ltr'>suspensioni</span> <span class='ocrx_word' id='word_1_93' title='bbox 835 1933 987 2020; x_wconf 90' lang='lat' dir='ltr'>episcopi,</span> <span class='ocrx_word' id='word_1_94' title='bbox 1022 1939 1063 2012; x_wconf 90' lang='lat' dir='ltr'>et,</span> <span class='ocrx_word' id='word_1_95' title='bbox 1097 1935 1185 1998; x_wconf 87' lang='lat' dir='ltr'>ecce!</span> <span class='ocrx_word' id='word_1_96' title='bbox 1218 1933 1254 1996; x_wconf 91' lang='lat' dir='ltr'>in</span> <span class='ocrx_word' id='word_1_97' title='bbox 1288 1931 1443 1996; x_wconf 89' lang='lat' dir='ltr'>damnum</span> <span class='ocrx_word' id='word_1_98' title='bbox 1490 1937 1492 1944; x_wconf 63' lang='lat'>‘</span> 
     </span>
     <span class='ocr_line' id='line_1_13' title="bbox 225 2003 1442 2120; baseline -0.002 -22"><span class='ocrx_word' id='word_1_99' title='bbox 225 2003 359 2120; x_wconf 56' lang='lat' dir='ltr'>ffiffid</span> <span class='ocrx_word' id='word_1_100' title='bbox 392 2035 534 2100; x_wconf 82' lang='lat' dir='ltr'>ecclesiae</span> <span class='ocrx_word' id='word_1_101' title='bbox 555 2041 677 2108; x_wconf 84' lang='lat' dir='ltr'>nostrae</span> <span class='ocrx_word' id='word_1_102' title='bbox 701 2059 813 2100; x_wconf 86' lang='lat' dir='ltr'>eorum</span> <span class='ocrx_word' id='word_1_103' title='bbox 835 2033 996 2100; x_wconf 71' lang='lat' dir='ltr'>stultitia¹</span> <span class='ocrx_word' id='word_1_104' title='bbox 1013 2033 1188 2100; x_wconf 86' lang='lat' dir='ltr'>redundat.</span> <span class='ocrx_word' id='word_1_105' title='bbox 1236 2025 1323 2112; x_wconf 77' lang='lat' dir='ltr'>Quia</span> <span class='ocrx_word' id='word_1_106' title='bbox 1342 2031 1442 2098; x_wconf 85' lang='lat' dir='ltr'>etiarn</span> 
     </span>
     <span class='ocr_line' id='line_1_14' title="bbox 223 2133 1443 2254; baseline 0 -54"><span class='ocrx_word' id='word_1_107' title='bbox 223 2135 386 2254; x_wconf 48' lang='lat' dir='ltr'>flflessffisof</span> <span class='ocrx_word' id='word_1_108' title='bbox 392 2135 574 2222; x_wconf 86' lang='lat' dir='ltr'>capellanus</span> <span class='ocrx_word' id='word_1_109' title='bbox 617 2139 656 2202; x_wconf 89' lang='lat' dir='ltr'>de</span> <span class='ocrx_word' id='word_1_110' title='bbox 701 2139 852 2204; x_wconf 85' lang='lat' dir='ltr'>Mortune</span> <span class='ocrx_word' id='word_1_111' title='bbox 887 2139 975 2202; x_wconf 86' lang='lat' dir='ltr'>visus</span> <span class='ocrx_word' id='word_1_112' title='bbox 1017 2139 1082 2202; x_wconf 88' lang='lat' dir='ltr'>fuit</span> <span class='ocrx_word' id='word_1_113' title='bbox 1126 2157 1200 2200; x_wconf 88' lang='lat' dir='ltr'>cum</span> <span class='ocrx_word' id='word_1_114' title='bbox 1237 2133 1443 2220; x_wconf 86' lang='lat' dir='ltr'>parochianis</span> 
     </span>
     <span class='ocr_line' id='line_1_15' title="bbox 224 2209 1442 2334; baseline -0.002 -32"><span class='ocrx_word' id='word_1_115' title='bbox 224 2209 371 2334; x_wconf 53' lang='lat' dir='ltr'>paedpaidey</span> <span class='ocrx_word' id='word_1_116' title='bbox 392 2237 560 2322; x_wconf 88' lang='lat' dir='ltr'>cujusdam</span> <span class='ocrx_word' id='word_1_117' title='bbox 584 2239 685 2304; x_wconf 86' lang='lat' dir='ltr'>vicini</span> <span class='ocrx_word' id='word_1_118' title='bbox 719 2239 769 2304; x_wconf 91' lang='lat' dir='ltr'>sui</span> <span class='ocrx_word' id='word_1_119' title='bbox 803 2241 839 2304; x_wconf 93' lang='lat' dir='ltr'>in</span> <span class='ocrx_word' id='word_1_120' title='bbox 870 2241 1071 2328; x_wconf 79' lang='lat' dir='ltr'>processione</span> <span class='ocrx_word' id='word_1_121' title='bbox 1104 2235 1324 2304; x_wconf 86' lang='lat' dir='ltr'>Pentecostali</span> <span class='ocrx_word' id='word_1_122' title='bbox 1354 2237 1442 2322; x_wconf 62' lang='lat' dir='ltr'>apud,</span> 
     </span>
     <span class='ocr_line' id='line_1_16' title="bbox 169 2333 1466 2454; baseline 0 -52"><span class='ocrx_word' id='word_1_123' title='bbox 169 2425 170 2428; x_wconf 8' lang='grc' dir='ltr'><strong>Ἴ</strong></span> <span class='ocrx_word' id='word_1_124' title='bbox 223 2333 363 2454; x_wconf 46' lang='lat' dir='ltr'>tgjffleprif·</span> <span class='ocrx_word' id='word_1_125' title='bbox 391 2339 603 2428; x_wconf 84' lang='lat' dir='ltr'>Wigorniam‚</span> <span class='ocrx_word' id='word_1_126' title='bbox 626 2343 662 2404; x_wconf 93' lang='lat' dir='ltr'>in</span> <span class='ocrx_word' id='word_1_127' title='bbox 677 2341 799 2408; x_wconf 69' lang='lat' dir='ltr'>&#39;eadem</span> <span class='ocrx_word' id='word_1_128' title='bbox 822 2343 1023 2428; x_wconf 83' lang='lat' dir='ltr'>processione</span> <span class='ocrx_word' id='word_1_129' title='bbox 1055 2343 1143 2406; x_wconf 85' lang='lat' dir='ltr'>facta</span> <span class='ocrx_word' id='word_1_130' title='bbox 1174 2343 1224 2406; x_wconf 88' lang='lat' dir='ltr'>est</span> <span class='ocrx_word' id='word_1_131' title='bbox 1246 2343 1360 2404; x_wconf 87' lang='lat' dir='ltr'>contra</span> <span class='ocrx_word' id='word_1_132' title='bbox 1382 2361 1466 2410; x_wconf 51' lang='lat' dir='ltr'>nos¹</span> 
     </span>
     <span class='ocr_line' id='line_1_17' title="bbox 190 2417 1441 2536; baseline -0.003 -30"><span class='ocrx_word' id='word_1_133' title='bbox 190 2471 191 2474; x_wconf 41' lang='lat'>¹</span> <span class='ocrx_word' id='word_1_134' title='bbox 222 2417 363 2536; x_wconf 51' lang='lat' dir='ltr'>theeffissy,</span> <span class='ocrx_word' id='word_1_135' title='bbox 389 2443 587 2530; x_wconf 82' lang='lat' dir='ltr'>interruptio</span> <span class='ocrx_word' id='word_1_136' title='bbox 609 2443 864 2530; x_wconf 64' lang='lat' dir='ltr'>praescriptionis</span> <span class='ocrx_word' id='word_1_137' title='bbox 887 2451 1017 2512; x_wconf 84' lang='lat' dir='ltr'>nostrae.</span> <span class='ocrx_word' id='word_1_138' title='bbox 1075 2445 1167 2508; x_wconf 89' lang='lat' dir='ltr'>Dum</span> <span class='ocrx_word' id='word_1_139' title='bbox 1195 2441 1300 2508; x_wconf 91' lang='lat' dir='ltr'>etiam</span> <span class='ocrx_word' id='word_1_140' title='bbox 1335 2441 1441 2506; x_wconf 87' lang='lat' dir='ltr'>clerici</span> 
     </span>
     <span class='ocr_line' id='line_1_18' title="bbox 247 2533 1441 2634; baseline -0.002 -26"><span class='ocrx_word' id='word_1_141' title='bbox 247 2559 249 2564; x_wconf 80' lang='grc'><strong>“</strong></span> <span class='ocrx_word' id='word_1_142' title='bbox 388 2533 503 2610; x_wconf 86' lang='lat' dir='ltr'>essent.</span> <span class='ocrx_word' id='word_1_143' title='bbox 528 2545 643 2610; x_wconf 89' lang='lat' dir='ltr'>decani</span> <span class='ocrx_word' id='word_1_144' title='bbox 675 2547 888 2626; x_wconf 83' lang='lat' dir='ltr'>Eveshamiae,</span> <span class='ocrx_word' id='word_1_145' title='bbox 925 2547 1002 2634; x_wconf 86' lang='lat' dir='ltr'>quia</span> <span class='ocrx_word' id='word_1_146' title='bbox 1035 2545 1204 2612; x_wconf 89' lang='lat' dir='ltr'>habebant</span> <span class='ocrx_word' id='word_1_147' title='bbox 1233 2543 1381 2622; x_wconf 85' lang='lat' dir='ltr'>redditus</span> <span class='ocrx_word' id='word_1_148' title='bbox 1404 2543 1441 2608; x_wconf 93' lang='lat' dir='ltr'>in</span> 
     </span>
     <span class='ocr_line' id='line_1_19' title="bbox 388 2633 1438 2736; baseline 0 -26"><span class='ocrx_word' id='word_1_149' title='bbox 388 2647 577 2734; x_wconf 83' lang='lat' dir='ltr'>episcopatu</span> <span class='ocrx_word' id='word_1_150' title='bbox 602 2633 759 2714; x_wconf 85' lang='lat' dir='ltr'>timentes</span> <span class='ocrx_word' id='word_1_151' title='bbox 792 2649 987 2736; x_wconf 87' lang='lat' dir='ltr'>episcopum,</span> <span class='ocrx_word' id='word_1_152' title='bbox 1016 2673 1083 2714; x_wconf 93' lang='lat' dir='ltr'>non</span> <span class='ocrx_word' id='word_1_153' title='bbox 1106 2647 1353 2734; x_wconf 73' lang='lat' dir='ltr'>compescebant</span> <span class='ocrx_word' id='word_1_154' title='bbox 1382 2667 1438 2730; x_wconf 90' lang='lat' dir='ltr'>per</span> 
     </span>
     <span class='ocr_line' id='line_1_20' title="bbox 386 2749 1439 2846; baseline 0 -32"><span class='ocrx_word' id='word_1_155' title='bbox 386 2771 555 2822; x_wconf 85' lang='lat' dir='ltr'>censuram</span> <span class='ocrx_word' id='word_1_156' title='bbox 599 2751 856 2846; x_wconf 73' lang='lat' dir='ltr'>ecplesiastioam</span> <span class='ocrx_word' id='word_1_157' title='bbox 891 2753 976 2818; x_wconf 87' lang='lat' dir='ltr'>siout</span> <span class='ocrx_word' id='word_1_158' title='bbox 1010 2751 1182 2828; x_wconf 89' lang='lat' dir='ltr'>debebant,</span> <span class='ocrx_word' id='word_1_159' title='bbox 1230 2749 1439 2834; x_wconf 86' lang='lat' dir='ltr'>parochianos</span> 
     </span>
     <span class='ocr_line' id='line_1_21' title="bbox 386 2851 1439 2940; baseline 0.002 -28"><span class='ocrx_word' id='word_1_160' title='bbox 386 2855 516 2916; x_wconf 87' lang='lat' dir='ltr'>nostros</span> <span class='ocrx_word' id='word_1_161' title='bbox 548 2853 723 2936; x_wconf 84' lang='lat' dir='ltr'>quominus</span> <span class='ocrx_word' id='word_1_162' title='bbox 756 2853 958 2940; x_wconf 68' lang='lat' dir='ltr'>appellarent</span> <span class='ocrx_word' id='word_1_163' title='bbox 991 2853 1035 2918; x_wconf 58' lang='lat' dir='ltr'>‘ab</span> <span class='ocrx_word' id='word_1_164' title='bbox 1062 2855 1108 2918; x_wconf 94' lang='lat' dir='ltr'>eis</span> <span class='ocrx_word' id='word_1_165' title='bbox 1140 2855 1175 2916; x_wconf 94' lang='lat' dir='ltr'>et</span> <span class='ocrx_word' id='word_1_166' title='bbox 1196 2851 1284 2916; x_wconf 88' lang='lat' dir='ltr'>irent</span> <span class='ocrx_word' id='word_1_167' title='bbox 1307 2851 1349 2916; x_wconf 92' lang='lat' dir='ltr'>ad</span> <span class='ocrx_word' id='word_1_168' title='bbox 1371 2851 1439 2936; x_wconf 93' lang='lat' dir='ltr'>epi-</span> 
     </span>
    </p>

    <p class='ocr_par' dir='ltr' id='par_1_6' title="bbox 317 2939 1437 3144">
     <span class='ocr_line' id='line_1_22' title="bbox 317 2939 1437 3042; baseline 0.001 -24"><span class='ocrx_word' id='word_1_169' title='bbox 317 2939 327 2990; x_wconf 63' lang='lat'>¹,</span> <span class='ocrx_word' id='word_1_170' title='bbox 386 2973 518 3038; x_wconf 88' lang='lat' dir='ltr'>scopum</span> <span class='ocrx_word' id='word_1_171' title='bbox 530 2975 588 3040; x_wconf 85' lang='lat' dir='ltr'>pro</span> <span class='ocrx_word' id='word_1_172' title='bbox 605 2939 802 3040; x_wconf 88' lang='lat' dir='ltr'>quibusdam</span> <span class='ocrx_word' id='word_1_173' title='bbox 814 2955 919 3020; x_wconf 90' lang='lat' dir='ltr'>causis</span> <span class='ocrx_word' id='word_1_174' title='bbox 929 2955 1128 3042; x_wconf 86' lang='lat' dir='ltr'>majoribus:</span> <span class='ocrx_word' id='word_1_175' title='bbox 1144 2955 1227 3036; x_wconf 82' lang='lat' dir='ltr'>iden,</span> <span class='ocrx_word' id='word_1_176' title='bbox 1240 2957 1280 3018; x_wconf 87' lang='lat' dir='ltr'>nt</span> <span class='ocrx_word' id='word_1_177' title='bbox 1291 2953 1437 3034; x_wconf 85' lang='lat' dir='ltr'>audistis,</span> 
     </span>
     <span class='ocr_line' id='line_1_23' title="bbox 385 3053 1437 3144; baseline 0.001 -25"><span class='ocrx_word' id='word_1_178' title='bbox 385 3053 472 3120; x_wconf 86' lang='lat' dir='ltr'>facta</span> <span class='ocrx_word' id='word_1_179' title='bbox 494 3059 543 3120; x_wconf 90' lang='lat' dir='ltr'>est</span> <span class='ocrx_word' id='word_1_180' title='bbox 566 3055 764 3142; x_wconf 87' lang='lat' dir='ltr'>intenuptio</span> <span class='ocrx_word' id='word_1_181' title='bbox 787 3057 1043 3144; x_wconf 84' lang='lat' dir='ltr'>praescriptionis</span> <span class='ocrx_word' id='word_1_182' title='bbox 1077 3061 1200 3122; x_wconf 80' lang='lat' dir='ltr'>nostrae</span> <span class='ocrx_word' id='word_1_183' title='bbox 1234 3057 1276 3120; x_wconf 77' lang='lat' dir='ltr'>in¹</span> <span class='ocrx_word' id='word_1_184' title='bbox 1303 3055 1437 3140; x_wconf 85' lang='lat' dir='ltr'>quihus-</span> 
     </span>
    </p>

    <p class='ocr_par' dir='ltr' id='par_1_7' title="bbox 341 3145 1448 4170">
     <span class='ocr_line' id='line_1_24' title="bbox 341 3145 1437 3250; baseline 0.001 -30"><span class='ocrx_word' id='word_1_185' title='bbox 341 3159 342 3166; x_wconf 73' lang='grc'>’</span> <span class='ocrx_word' id='word_1_186' title='bbox 385 3157 461 3220; x_wconf 87' lang='lat' dir='ltr'>dam</span> <span class='ocrx_word' id='word_1_187' title='bbox 499 3145 603 3222; x_wconf 76' lang='lat' dir='ltr'>carnis</span> <span class='ocrx_word' id='word_1_188' title='bbox 636 3159 941 3250; x_wconf 79' lang='lat' dir='ltr'>matrimonialibus.</span> <span class='ocrx_word' id='word_1_189' title='bbox 1013 3159 1123 3240; x_wconf 77' lang='lat' dir='ltr'>Quum</span> <span class='ocrx_word' id='word_1_190' title='bbox 1159 3159 1258 3222; x_wconf 92' lang='lat' dir='ltr'>etiam</span> <span class='ocrx_word' id='word_1_191' title='bbox 1290 3157 1437 3244; x_wconf 60' lang='lat' dir='ltr'>&#39;episcopi</span> 
     </span>
     <span class='ocr_line' id='line_1_25' title="bbox 385 3259 1448 3354; baseline 0.001 -31"><span class='ocrx_word' id='word_1_192' title='bbox 385 3259 617 3346; x_wconf 84' lang='lat' dir='ltr'>Wigornenses</span> <span class='ocrx_word' id='word_1_193' title='bbox 639 3267 816 3328; x_wconf 89' lang='lat' dir='ltr'>teneantur</span> <span class='ocrx_word' id='word_1_194' title='bbox 838 3263 962 3328; x_wconf 84' lang='lat' dir='ltr'>solvere</span> <span class='ocrx_word' id='word_1_195' title='bbox 983 3263 1127 3354; x_wconf 43' lang='lat' dir='ltr'>„domino</span> <span class='ocrx_word' id='word_1_196' title='bbox 1157 3285 1252 3348; x_wconf 84' lang='lat' dir='ltr'>papae</span> <span class='ocrx_word' id='word_1_197' title='bbox 1285 3261 1448 3324; x_wconf 51' lang='lat' dir='ltr'>undecim¹</span> 
     </span>
     <span class='ocr_line' id='line_1_26' title="bbox 369 3361 1437 3456; baseline 0 -30"><span class='ocrx_word' id='word_1_198' title='bbox 369 3361 481 3428; x_wconf 84' lang='lat' dir='ltr'>libras</span> <span class='ocrx_word' id='word_1_199' title='bbox 504 3365 539 3426; x_wconf 94' lang='lat' dir='ltr'>et</span> <span class='ocrx_word' id='word_1_200' title='bbox 561 3363 704 3448; x_wconf 86' lang='lat' dir='ltr'>quinque</span> <span class='ocrx_word' id='word_1_201' title='bbox 728 3365 847 3456; x_wconf 88' lang='lat' dir='ltr'>solidos</span> <span class='ocrx_word' id='word_1_202' title='bbox 862 3387 921 3452; x_wconf 92' lang='lat' dir='ltr'>pro</span> <span class='ocrx_word' id='word_1_203' title='bbox 944 3365 1086 3432; x_wconf 90' lang='lat' dir='ltr'>denariis</span> <span class='ocrx_word' id='word_1_204' title='bbox 1108 3363 1198 3430; x_wconf 90' lang='lat' dir='ltr'>beati</span> <span class='ocrx_word' id='word_1_205' title='bbox 1221 3363 1314 3452; x_wconf 87' lang='lat' dir='ltr'>Petri</span> <span class='ocrx_word' id='word_1_206' title='bbox 1334 3385 1437 3428; x_wconf 53' lang='lat' dir='ltr'>annua</span> 
     </span>
     <span class='ocr_line' id='line_1_27' title="bbox 383 3461 1437 3548; baseline 0.002 -22"><span class='ocrx_word' id='word_1_207' title='bbox 383 3463 465 3528; x_wconf 89' lang='lat' dir='ltr'>atim</span> <span class='ocrx_word' id='word_1_208' title='bbox 497 3469 530 3528; x_wconf 95' lang='lat' dir='ltr'>et</span> <span class='ocrx_word' id='word_1_209' title='bbox 565 3487 624 3528; x_wconf 90' lang='lat' dir='ltr'>nos</span> <span class='ocrx_word' id='word_1_210' title='bbox 664 3461 772 3546; x_wconf 70' lang='lat' dir='ltr'>tinam,</span> <span class='ocrx_word' id='word_1_211' title='bbox 807 3467 930 3548; x_wconf 90' lang='lat' dir='ltr'>decani,</span> <span class='ocrx_word' id='word_1_212' title='bbox 964 3473 1003 3532; x_wconf 88' lang='lat' dir='ltr'>ut</span> <span class='ocrx_word' id='word_1_213' title='bbox 1038 3467 1163 3534; x_wconf 91' lang='lat' dir='ltr'>dictum</span> <span class='ocrx_word' id='word_1_214' title='bbox 1203 3471 1252 3530; x_wconf 91' lang='lat' dir='ltr'>est</span> <span class='ocrx_word' id='word_1_215' title='bbox 1282 3465 1437 3530; x_wconf 86' lang='lat' dir='ltr'>timentes</span> 
     </span>
     <span class='ocr_line' id='line_1_28' title="bbox 383 3565 1436 3656; baseline -0.004 -22"><span class='ocrx_word' id='word_1_216' title='bbox 383 3565 555 3652; x_wconf 77' lang='lat' dir='ltr'>episcopos,</span> <span class='ocrx_word' id='word_1_217' title='bbox 592 3567 760 3632; x_wconf 84' lang='lat' dir='ltr'>solvenmt</span> <span class='ocrx_word' id='word_1_218' title='bbox 794 3569 952 3656; x_wconf 89' lang='lat' dir='ltr'>episcopis</span> <span class='ocrx_word' id='word_1_219' title='bbox 990 3569 1108 3634; x_wconf 86' lang='lat' dir='ltr'>libram</span> <span class='ocrx_word' id='word_1_220' title='bbox 1141 3589 1240 3654; x_wconf 87' lang='lat' dir='ltr'>qnam</span> <span class='ocrx_word' id='word_1_221' title='bbox 1272 3567 1436 3632; x_wconf 88' lang='lat' dir='ltr'>debebant</span> 
     </span>
     <span class='ocr_line' id='line_1_29' title="bbox 383 3667 1435 3758; baseline 0 -26"><span class='ocrx_word' id='word_1_222' title='bbox 383 3667 516 3746; x_wconf 44' lang='lat' dir='ltr'>solvere*</span> <span class='ocrx_word' id='word_1_223' title='bbox 530 3669 662 3734; x_wconf 89' lang='lat' dir='ltr'>domino</span> <span class='ocrx_word' id='word_1_224' title='bbox 685 3693 778 3756; x_wconf 85' lang='lat' dir='ltr'>papae</span> <span class='ocrx_word' id='word_1_225' title='bbox 803 3693 861 3758; x_wconf 89' lang='lat' dir='ltr'>pro</span> <span class='ocrx_word' id='word_1_226' title='bbox 884 3671 1026 3736; x_wconf 86' lang='lat' dir='ltr'>denariis</span> <span class='ocrx_word' id='word_1_227' title='bbox 1058 3671 1150 3736; x_wconf 89' lang='lat' dir='ltr'>beati</span> <span class='ocrx_word' id='word_1_228' title='bbox 1177 3671 1266 3750; x_wconf 81' lang='lat' dir='ltr'>Petri</span> <span class='ocrx_word' id='word_1_229' title='bbox 1289 3669 1435 3736; x_wconf 89' lang='lat' dir='ltr'>omnium</span> 
     </span>
     <span class='ocr_line' id='line_1_30' title="bbox 383 3771 1435 3866; baseline 0.004 -34"><span class='ocrx_word' id='word_1_230' title='bbox 383 3773 545 3834; x_wconf 82' lang='lat' dir='ltr'>terrarum</span> <span class='ocrx_word' id='word_1_231' title='bbox 567 3775 761 3850; x_wconf 84' lang='lat' dir='ltr'>nostrarum,</span> <span class='ocrx_word' id='word_1_232' title='bbox 785 3777 818 3836; x_wconf 94' lang='lat' dir='ltr'>et</span> <span class='ocrx_word' id='word_1_233' title='bbox 842 3773 992 3866; x_wconf 86' lang='lat' dir='ltr'>episcopi,</span> <span class='ocrx_word' id='word_1_234' title='bbox 1016 3773 1249 3840; x_wconf 84' lang='lat' dir='ltr'>defraudantes</span> <span class='ocrx_word' id='word_1_235' title='bbox 1271 3771 1435 3842; x_wconf 88' lang='lat' dir='ltr'>ecclesiam</span> 
     </span>
     <span class='ocr_line' id='line_1_31' title="bbox 384 3871 1436 3968; baseline 0.003 -33"><span class='ocrx_word' id='word_1_236' title='bbox 384 3871 575 3966; x_wconf 70' lang='lat' dir='ltr'>Romanam,</span> <span class='ocrx_word' id='word_1_237' title='bbox 602 3897 683 3968; x_wconf 90' lang='lat' dir='ltr'>non</span> <span class='ocrx_word' id='word_1_238' title='bbox 715 3875 790 3940; x_wconf 92' lang='lat' dir='ltr'>ideo</span> <span class='ocrx_word' id='word_1_239' title='bbox 828 3877 969 3962; x_wconf 87' lang='lat' dir='ltr'>amplius</span> <span class='ocrx_word' id='word_1_240' title='bbox 1010 3877 1187 3942; x_wconf 85' lang='lat' dir='ltr'>solvenmt.</span> <span class='ocrx_word' id='word_1_241' title='bbox 1245 3873 1351 3954; x_wconf 76' lang='lat' dir='ltr'>Quam</span> <span class='ocrx_word' id='word_1_242' title='bbox 1385 3897 1436 3940; x_wconf 84' lang='lat' dir='ltr'>ra-</span> 
     </span>
     <span class='ocr_line' id='line_1_32' title="bbox 383 3973 1436 4066; baseline 0.001 -29"><span class='ocrx_word' id='word_1_243' title='bbox 383 3973 506 4038; x_wconf 84' lang='lat' dir='ltr'>tionem</span> <span class='ocrx_word' id='word_1_244' title='bbox 522 3973 648 4060; x_wconf 70' lang='lat' dir='ltr'>²quun1</span> <span class='ocrx_word' id='word_1_245' title='bbox 671 3975 800 4042; x_wconf 86' lang='lat' dir='ltr'>audiret</span> <span class='ocrx_word' id='word_1_246' title='bbox 816 3977 968 4052; x_wconf 86' lang='lat' dir='ltr'>dominus</span> <span class='ocrx_word' id='word_1_247' title='bbox 983 4003 1068 4066; x_wconf 91' lang='lat' dir='ltr'>papa</span> <span class='ocrx_word' id='word_1_248' title='bbox 1082 3979 1225 4044; x_wconf 76' lang='lat' dir='ltr'>mrfltum</span> <span class='ocrx_word' id='word_1_249' title='bbox 1240 3983 1349 4044; x_wconf 89' lang='lat' dir='ltr'>motus</span> <span class='ocrx_word' id='word_1_250' title='bbox 1371 3977 1436 4042; x_wconf 86' lang='lat' dir='ltr'>fuit</span> 
     </span>
     <span class='ocr_line' id='line_1_33' title="bbox 383 4075 1435 4170; baseline 0.002 -30"><span class='ocrx_word' id='word_1_251' title='bbox 383 4079 495 4140; x_wconf 88' lang='lat' dir='ltr'>eontra</span> <span class='ocrx_word' id='word_1_252' title='bbox 510 4075 702 4168; x_wconf 85' lang='lat' dir='ltr'>episcopum</span> <span class='ocrx_word' id='word_1_253' title='bbox 750 4077 824 4144; x_wconf 90' lang='lat' dir='ltr'>Hoc</span> <span class='ocrx_word' id='word_1_254' title='bbox 840 4103 917 4170; x_wconf 86' lang='lat' dir='ltr'>ergo</span> <span class='ocrx_word' id='word_1_255' title='bbox 936 4083 1062 4148; x_wconf 87' lang='lat' dir='ltr'>factum</span> <span class='ocrx_word' id='word_1_256' title='bbox 1077 4083 1166 4148; x_wconf 86' lang='lat' dir='ltr'>inter</span> <span class='ocrx_word' id='word_1_257' title='bbox 1179 4079 1435 4166; x_wconf 87' lang='lat' dir='ltr'>interruptiones</span> 
     </span>
    </p>
   </div>
   <div class='ocr_carea' id='block_1_4' title="bbox 381 4181 1434 4276">
    <p class='ocr_par' dir='ltr' id='par_1_8' title="bbox 381 4181 1434 4276">
     <span class='ocr_line' id='line_1_34' title="bbox 381 4181 1434 4276; baseline 0.002 -36"><span class='ocrx_word' id='word_1_258' title='bbox 381 4199 449 4276; x_wconf 91' lang='lat' dir='ltr'>non</span> <span class='ocrx_word' id='word_1_259' title='bbox 464 4185 708 4264; x_wconf 84' lang='lat' dir='ltr'>computaretur</span> <span class='ocrx_word' id='word_1_260' title='bbox 722 4181 787 4246; x_wconf 87' lang='lat' dir='ltr'>nisi</span> <span class='ocrx_word' id='word_1_261' title='bbox 803 4183 898 4248; x_wconf 94' lang='lat' dir='ltr'>nobis</span> <span class='ocrx_word' id='word_1_262' title='bbox 913 4185 956 4268; x_wconf 87' lang='lat' dir='ltr'>ad</span> <span class='ocrx_word' id='word_1_263' title='bbox 968 4185 1134 4272; x_wconf 80' lang='lat' dir='ltr'>jacturam</span> <span class='ocrx_word' id='word_1_264' title='bbox 1149 4183 1313 4260; x_wconf 85' lang='lat' dir='ltr'>libertatis</span> <span class='ocrx_word' id='word_1_265' title='bbox 1327 4181 1434 4268; x_wconf 86' lang='lat' dir='ltr'>impu-</span> 
     </span>
    </p>
   </div>
   <div class='ocr_carea' id='block_1_5' title="bbox 301 4423 1434 4734">
    <p class='ocr_par' dir='ltr' id='par_1_9' title="bbox 301 4423 1434 4734">
     <span class='ocr_line' id='line_1_35' title="bbox 413 4423 1434 4490; baseline -0.002 -16"><span class='ocrx_word' id='word_1_266' title='bbox 413 4423 420 4454; x_wconf 88' lang='lat'><strong>¹</strong></span> <span class='ocrx_word' id='word_1_267' title='bbox 436 4425 552 4490; x_wconf 78' lang='lat' dir='ltr'>stultitia]</span> <span class='ocrx_word' id='word_1_268' title='bbox 567 4425 660 4488; x_wconf 81' lang='lat' dir='ltr'>stultia,</span> <span class='ocrx_word' id='word_1_269' title='bbox 672 4425 728 4480; x_wconf 70' lang='grc' dir='ltr'>ΜΒ.</span> <span class='ocrx_word' id='word_1_270' title='bbox 931 4429 978 4480; x_wconf 87' lang='lat' dir='ltr'>has</span> <span class='ocrx_word' id='word_1_271' title='bbox 993 4431 1058 4480; x_wconf 87' lang='lat' dir='ltr'>been</span> <span class='ocrx_word' id='word_1_272' title='bbox 1076 4429 1225 4482; x_wconf 73' lang='lat' dir='ltr'>subeuntes</span> <span class='ocrx_word' id='word_1_273' title='bbox 1243 4427 1283 4478; x_wconf 83' lang='lat' dir='ltr'>for</span> <span class='ocrx_word' id='word_1_274' title='bbox 1305 4427 1320 4478; x_wconf 86' lang='lat' dir='ltr'>a</span> <span class='ocrx_word' id='word_1_275' title='bbox 1338 4427 1434 4478; x_wconf 85' lang='lat' dir='ltr'>shorter</span> 
     </span>
     <span class='ocr_line' id='line_1_36' title="bbox 301 4503 1434 4574; baseline 0.001 -21"><span class='ocrx_word' id='word_1_276' title='bbox 301 4521 303 4524; x_wconf 93' lang='lat'>·</span> <span class='ocrx_word' id='word_1_277' title='bbox 413 4503 489 4554; x_wconf 69' lang='grc' dir='ltr'>ΞΤ110</span> <span class='ocrx_word' id='word_1_278' title='bbox 505 4519 609 4570; x_wconf 79' lang='lat' dir='ltr'>passage</span> <span class='ocrx_word' id='word_1_279' title='bbox 627 4505 803 4572; x_wconf 78' lang='lat' dir='ltr'>commencing</span> <span class='ocrx_word' id='word_1_280' title='bbox 821 4507 879 4560; x_wconf 85' lang='lat' dir='ltr'>here</span> <span class='ocrx_word' id='word_1_281' title='bbox 930 4515 1042 4574; x_wconf 78' lang='lat' dir='ltr'>passage,</span> <span class='ocrx_word' id='word_1_282' title='bbox 1067 4509 1150 4560; x_wconf 82' lang='lat' dir='ltr'>which</span> <span class='ocrx_word' id='word_1_283' title='bbox 1169 4509 1305 4560; x_wconf 78' lang='lat' dir='ltr'>hasbeen</span> <span class='ocrx_word' id='word_1_284' title='bbox 1327 4505 1434 4568; x_wconf 82' lang='lat' dir='ltr'>entirely</span> 
     </span>
     <span class='ocr_line' id='line_1_37' title="bbox 380 4583 1151 4652; baseline 0.013 -20"><span class='ocrx_word' id='word_1_285' title='bbox 380 4587 406 4632; x_wconf 80' lang='lat' dir='ltr'>at</span> <span class='ocrx_word' id='word_1_286' title='bbox 416 4587 432 4610; x_wconf 89' lang='lat'><strong>“</strong></span> <span class='ocrx_word' id='word_1_287' title='bbox 442 4583 524 4644; x_wconf 81' lang='lat' dir='ltr'>Quam</span> <span class='ocrx_word' id='word_1_288' title='bbox 534 4585 741 4650; x_wconf 60' lang='lat' dir='ltr'>rationemss&#39;and</span> <span class='ocrx_word' id='word_1_289' title='bbox 749 4587 844 4652; x_wconf 83' lang='lat' dir='ltr'>ending</span> <span class='ocrx_word' id='word_1_290' title='bbox 854 4595 880 4638; x_wconf 86' lang='lat' dir='ltr'>at</span> <span class='ocrx_word' id='word_1_291' title='bbox 930 4591 1024 4640; x_wconf 77' lang='lat' dir='ltr'>erased.</span> <span class='ocrx_word' id='word_1_292' title='bbox 1149 4605 1151 4608; x_wconf 82' lang='lat'>·</span> 
     </span>
     <span class='ocr_line' id='line_1_38' title="bbox 379 4659 879 4734; baseline 0.012 -24"><span class='ocrx_word' id='word_1_293' title='bbox 379 4659 422 4710; x_wconf 89' lang='lat' dir='ltr'>the</span> <span class='ocrx_word' id='word_1_294' title='bbox 445 4663 526 4728; x_wconf 77' lang='lat' dir='ltr'>words</span> <span class='ocrx_word' id='word_1_295' title='bbox 554 4667 726 4730; x_wconf 83' lang='lat' dir='ltr'>“cogeremur</span> <span class='ocrx_word' id='word_1_296' title='bbox 752 4669 879 4734; x_wconf 74' lang='lat' dir='ltr'>eosdcm,&#39;&#39;</span> 
     </span>
    </p>
   </div>
   <div class='ocr_carea' id='block_1_6' title="bbox 0 0 1658 5666">
    <p class='ocr_par' dir='ltr' id='par_1_10' title="bbox 0 0 1658 5666">
     <span class='ocr_line' id='line_1_39' title="bbox 0 0 1658 5666; baseline 0 6"><span class='ocrx_word' id='word_1_297' title='bbox 0 0 1658 5666; x_wconf 95' lang='lat' dir='ltr'> </span> 
     </span>
    </p>
   </div>
  </div>
 </body>
</html>
