3308 5666
431 817 632 866 OHRONIOON
654 797 880 870 ABBATIAE'DE
904 821 1073 870 EVESHAM.
1143 857 1144 860 η
1212 805 1275 874 1211

229 991 305 1058 forti
335 997 374 1054 ut
401 991 644 1078 ¹possessionem
678 995 792 1058 assarti
827 997 1054 1078 recuperarent
1087 1001 1120 1058 11
1152 995 1275 1058 factum
1288 1013 1356 1062 1111,
1371 1013 1441 1062 raca.

230 1093 357 1158 abbatis
395 1095 566 1160 salvarent.
634 1093 688 1158 Aa
726 1095 786 1160 hoc
824 1097 910 1160 enim
943 1113 1068 1180 semper
1104 1081 1275 1162 nitebatur

166 1237 167 1240 =
230 1195 336 1274 abbas,
359 1201 399 1260 ut
426 1197 466 1260 de
501 1197 640 1260 ecclesiis
675 1201 708 1260 et
743 1199 995 1280 possessionibus
1031 1197 1172 1262 ecclesiae
1204 1199 1273 1262 sine

230 1299 362 1362 consilio
385 1305 495 1364 nostro
519 1321 576 1384 pro
599 1299 769 1364 voluntate
793 1321 852 1364 sua
875 1291 982 1386 posset
1005 1297 1182 1386 disponere
1229 1299 1274 1366 Et
1288 1323 1381 1374 Mane-

230 1417 330 1486 quum
353 1401 504 1466 audisset
519 1401 619 1464 abbas
644 1421 717 1484 quae
731 1399 870 1466 feceram
893 1403 1189 1468 excommunicavit
1212 1417 1263 1466 me
1265 1391 1374 1508 ,ἓξὲξ

228 1507 261 1568 11
285 1523 386 1588 quum
410 1505 612 1588 cognovisset
636 1501 722 1586 quod
747 1525 848 1568 essem
865 1505 1043 1590 ngorniae
1058 1505 1190 1590 gavisus
1214 1509 1271 1584 est,
1286 1475 1402 1576 seenegx.

227 1611 261 1670 et
284 1601 470 1670 observavit
500 1611 609 1690 portas
644 1605 788 1670 civitatis
822 1613 862 1672 ut
896 1629 948 1670 me
979 1605 1270 1692 comprehenderet
1285 1607 1411 1710 ffiffi'b

228 1707 293 1772 Sed
315 1727 374 1794 ego
396 1729 462 1772 non
492 1723 645 1770 veneram
680 1707 718 1770 ut
749 1709 894 1792 fugerem
927 1709 982 1772 sed
1007 1713 1045 1772 ut
1068 1731 1110 1772 ex
1136 1709 1271 1772 adverso
1285 1667 1429 1790 1111111111

227 1815 355 1888 starem,
380 1813 413 1874 11
436 1829 537 1896 quum
560 1811 722 1874 stetissem
746 1827 852 1874 coram
880 1809 1079 1896 justiciariis,
1103 1815 1136 1874 11
1170 1805 1271 1876 abbas
1285 1793 1420 1926 ffysfiiiffdat

226 1935 267 1978 ex
290 1913 424 1978 adverso
457 1935 530 1976 cum
560 1913 732 1978 senescallo
764 1913 918 1998 objiciens
952 1913 1033 1976 mihi
1066 1913 1153 1998 qnod
1184 1937 1271 1980 eram
1286 1927 1431 1988 Woraester,

226 2015 533 2090 excommunicatus,
569 2019 641 2078 orta
671 2019 741 2078 est
743 2015 906 2080 dissensio
944 2015 1030 2080 inter
1070 2015 1272 2100 J'usticiarios
1286 1967 1438 2110 ξ1111151ἱ1ζ111

226 2125 337 2182 utrum
368 2117 516 2180 deberem
547 2117 680 2180 admitti
703 2123 815 2182 contra
837 2117 1047 2194 abbatemet
1070 2109 1163 2180 nobis
1186 2141 1271 2182 rece
1284 2127 1427 2194 hiswayto

227 2221 380 2284 dentibus
417 2223 458 2282 ut
495 2235 591 2304 super
624 2221 685 2282 hoc
722 2219 1010 2286 interlocutionem
1049 2209 1374 2306 1111111111111,111111111·

227 2321 304 2386 data
333 2327 384 2396 111
428 2321 638 2386 interlocutio
680 2329 793 2386 contra
827 2345 887 2402 me,
920 2323 1082 2402 videlicet,
1118 2341 1170 2388 me
1205 2347 1271 2392 non
1368 2387 1369 2390 ,

226 2423 343 2488 habere
365 2445 535 2510 personam
560 2423 669 2488 standi
683 2413 863 2510 1111111111
880 2425 957 2512 quia
972 2427 1271 2490 excommunicatus

225 2549 319 2590 eram.
365 2525 411 2590 Et
426 2531 506 2590 tunc
521 2525 765 2612 comprehendit
781 2551 832 2592 me
848 2527 948 2592 abbas
964 2549 1056 2592 meus
1071 2533 1109 2592 ut
1124 2529 1271 2592 mitteret

225 2651 276 2692 me
298 2629 334 2690 in
357 2649 513 2692 carcerem
536 2627 623 2714 apud
647 2627 893 2706 Ambresleiam
917 2635 951 2694 et
974 2631 1134 2694 occideret
1157 2651 1207 2694 me
1230 2635 1271 2694 ut
1309 2705 1311 2708 ¹

225 2729 400 2796 credebam.
447 2729 540 2794 Idem
557 2731 643 2794 enim
659 2729 779 2796 iecerat
795 2721 961 2796 monachis
979 2731 1269 2798 Cantuariensibus

224 2837 258 2896 et
281 2833 409 2898 cuidam
432 2831 557 2898 homini
587 2837 700 2900 nostro
723 2831 911 2922 Augustino
944 2833 983 2898 de
1010 2833 1138 2898 salford
1157 2855 1268 2918 quem

224 2935 312 3000 duris
336 2937 531 3002 cruciatibus
547 2937 671 3014 occidit,
687 2941 720 3000 11
742 2937 815 3004 ideo
839 2939 944 3026 magis
959 2937 1065 3014 timui,
1076 2955 1269 3022 cognoscens

224 3039 291 3124 ejus
314 3039 534 3124 tyrannidem.
581 3039 626 3104 Et
649 3055 750 3124 quum
780 3041 844 3106 iter
875 3061 1004 3128 agerem
1036 3061 1109 3102 cum
1140 3041 1180 3104 iis
1211 3039 1267 3124 qui

154 3171 155 3174 ¹
224 3143 386 3206 ducebant
416 3163 475 3220 me,
500 3163 570 3206 ecce
599 3143 707 3206 subito
739 3149 962 3230 apparuerunt
985 3141 1068 3204 mihi
1090 3147 1156 3216 tres
1186 3163 1268 3226 prae·

224 3247 303 3312 dicti
325 3249 389 3312 viri
411 3247 560 3334 magistri
583 3247 646 3310 mei
668 3247 704 3310 11
719 3247 775 3310 via
791 3269 855 3332 qua
870 3247 1088 3328 ambulabam,
1106 3253 1138 3310 et
1154 3245 1267 3310 statim

224 3349 502 3414 circumdederunt
542 3371 594 3412 me
626 3353 659 3412 et
688 3349 912 3416 liberaverunt
948 3371 999 3414 me
1039 3347 1079 3412 de
1117 3347 1267 3412 manibus

224 3471 342 3530 eorum,
359 3449 659 3516 denuncianteseos
680 3455 981 3516 excommunicatos.
1031 3451 1178 3528 Quorum
1202 3443 1267 3514 tres

223 3559 327 3638 morte
357 3555 467 3618 subita
493 3553 669 3640 perierunt,
699 3551 859 3632 videlicet,
890 3553 1005 3620 Simon
1035 3551 1137 3616 naar
1161 3573 1266 3616 senes-

223 3657 303 3734 calli,
334 3657 389 3740 qui
420 3657 541 3722 occisus
574 3663 624 3722 est
653 3679 673 3720 a
699 3655 883 3722 latronibus
917 3663 1011 3722 extra
1043 3653 1246 3742 Wigorniam
1258 3679 1266 3734 ;

224 3757 402 3824 Matthaeus
443 3759 601 3836 Dolfinus,
646 3765 803 3844 cognatus
845 3761 982 3838 abbatis,
1029 3757 1085 3842 qui
1127 3759 1266 3842 propriae

222 3861 351 3944 sagittas
374 3857 565 3924 incumbens
590 3857 694 3924 obiter
717 3855 866 3926 mortuus
890 3865 957 3926 est:
984 3857 1094 3924 David
1118 3857 1266 3944 Pagina

223 3959 397 4026 Willielmo
413 3961 453 4026 (11
469 3961 617 4026 Ardeme
633 3961 714 4048 pede
731 3979 899 4050 percussus
923 3965 958 4026 in
981 3965 1110 4048 pectore
1125 3959 1166 4022 ab
1183 3983 1265 4046 equo

222 4057 345 4142 cecidit,
377 4067 409 4126 11
440 4063 593 4128 membris
618 4065 788 4130 confractis
805 4051 961 4130 'mortuus
994 4069 1053 4128 est.
1118 4061 1263 4142 Quartus

221 4187 296 4232 vero
328 4165 484 4230 Ricardus
523 4169 562 4232 de
604 4165 703 4244 Kena
734 4169 928 4232 camerarius
959 4167 1097 4244 abbatis,
1127 4171 1263 4252 rogante

221 4269 339 4334 abbate
366 4289 468 4352 quum
494 4289 636 4332 essemus
662 4267 699 4328 in
724 4271 813 4332 curia
828 4269 979 4360 Romana
1000 4275 1040 4332 ut
1064 4267 1217 4352 injuriam
1234 4267 1264 4330 11

220 4371 419 4460 remitterem
435 4369 477 4432 ad
501 4369 691 4454 petitionem
714 4391 819 4434 meam
835 4393 854 4434 a
869 4369 1116 4456 poenitentiario
1139 4367 1263 4434 domini

219 4493 310 4558 papae
325 4471 492 4538 absolutus
509 4475 566 4538 est.
613 4471 696 4538 Haec
710 4469 783 4538 ideo
799 4475 912 4560 scripsi
928 4481 965 4540 ut
980 4473 1122 4540 timeant
1137 4473 1263 4538 subditi

221 4575 350 4640 obedire
366 4575 558 4640 dominisin
573 4575 784 4642 atrocioribus
808 4581 921 4640 contra
946 4597 1083 4640 canones
1099 4577 1184 4642 sicut
1211 4577 1261 4642 illi
1280 4595 1366 4660 [Deer.

219 4677 372 4744 fecerunt.
434 4679 560 4742 Ductus
594 4679 705 4764 itaque
739 4697 811 4742 sum
846 4699 865 4742 a
897 4679 1062 4766 pradictis
1096 4683 1261 4770 magistris
1276 4661 1359 4794 ‘iffi’
1348 4671 1395 4724 111

220 4781 298 4844 meis
329 4781 370 4844 ad
401 4781 570 4846 dominum
594 4781 863 4848 Oantuariensem
902 4783 958 4868 qui
997 4789 1031 4850 et
1067 4787 1137 4870 ipse
1169 4787 1380 4864 1111111111]
