3300 5666
434 839 635 894 CHRONICON
657 843 816 894 Assaria
839 843 886 894 nn
910 845 1077 896 evasura.
1217 833 1280 902 103

233 1025 363 1088 domino
387 1025 576 1094 Balduuino‘
599 1021 828 1112 (lantuariensi
852 1023 1092 1108 archiepiscopo
1118 1025 1173 1106 qui
1200 1029 1446 1090 tunonensi.

233 1127 388 1212 temporis
411 1127 645 1194 adversabatur
659 1125 833 1204 monachia,
849 1127 963 1190 volens
986 1127 1106 1212 erigere
1122 1127 1280 1212 capellam
1293 1133 1340 1200 His
1352 1163 1405 1214 pre·
1441 1163 1442 1168 κ

231 1231 271 1310 de
295 1229 500 1294 Hakintune.
546 1227 579 1294 A
594 1253 658 1316 quo
675 1251 809 1310 carcere,
830 1227 995 1314 juratoria
1019 1229 1097 1292 data
1127 1219 1424 1336 cautionegss‘lsaff*

230 1335 270 1398 de
301 1331 489 1412 stabilitate,
521 1355 666 1420 egressus
702 1331 809 1398 nescio
839 1355 897 1418 per
928 1331 1010 1418 quae·
1041 1331 1122 1398 local
1160 1333 1278 1412 nudus,
1291 1301 1428 1406 moikanc

230 1435 346 1526 effugit
368 1457 620 1504 manus-eorum
653 1439 686 1500 et
720 1459 740 1500 a
772 1435 1002 1502 Cantuariensi
1040 1435 1278 1524 archiepiscopo
1291 1423 1400 1540 ffip’f

229 1539 402 1606 honorilice
441 1547 490 1606 est
529 1539 704 1624 susceptus,
722 1621 723 1624 Ἴ
741 1541 803 1622 qui
840 1559 915 1602 eum
952 1539 1049 1604 lateri
1087 1559 1146 1606 suo
1184 1537 1278 1624 quasi
1292 1557 1400 1622 onnon,

230 1641 375 1706 socium2
409 1641 619 1706 individuum
638 1705 639 1710 ,
650 1641 772 1728 junxit,
797 1645 830 1708 et
853 1647 975 1726 postea,
1010 1643 1127 1706 invitis
1165 1625 1392 1758 mona-gfff·

229 1745 296 1812 chis
308 1751 342 1810 et
357 1745 618 1824 reclamantibus,
634 1745 774 1832 priorem
790 1745 933 1810 ecclesiae
948 1745 1094 1832 ejusdem
1110 1745 1277 1830 praefecit3

228 1847 285 1914 sed
315 1871 381 1912 non
415 1847 560 1936 profecit,
599 1847 689 1934 quia
710 1869 880 1932 nunquam
919 1851 1032 1934 postea
1068 1847 1278 1912 universitati
1331 1887 1332 1890 =

227 1951 453 2026 reconciliatus
480 1955 537 2028 est,
563 1949 712 2036 quamvis
736 1951 976 2014 exactissimam
1011 1949 1218 2036 diligentiam
1244 1955 1278 2016 et

227 2055 348 2120 multas
371 2077 528 2140 expensas
559 2055 601 2118 ad
631 2055 692 2118 hoc
721 2057 834 2138 postea
857 2053 1053 2140 apposuerit,
1077 2059 1112 2118 et
1134 2055 1179 2118 sic
1202 2053 1278 2118 inde

228 2157 376 2222 exclusus
399 2155 522 2220 nullius
552 2157 742 2220 monasterii
758 2155 935 2220 monachus
958 2157 1124 2226 remansit.
1173 2157 1278 2236 Quem

227 2281 327 2346 quum
365 2259 514 2324 monachi
551 2259 675 2324 nollent
716 2259 856 2344 recipere
895 2259 963 2344 ipse
1001 2259 1138 2324 intrusit
1169 2279 1212 2340 se,
1244 2263 1278 2324 et

227 2385 338 2428 omnes
363 2363 583 2448 'possessiones
614 2363 843 2434 monachorum
871 2363 1059 2428 invadendo
1091 2361 1155 2428 sibi
1186 2383 1279 2430 usur-

225 2465 327 2552 pavit,
350 2471 384 2530 et
407 2465 493 2530 bona
524 2487 635 2530 eorum
658 2465 806 2552 diripuit,
840 2473 872 2532 et
904 2465 1071 2530 monachis
1094 2465 1221 2530 victum
1244 2469 1279 2530 et

225 2567 384 2634 vestitum
407 2567 580 2648 subtraxit,
598 2573 631 2634 et
645 2569 834 2654 ,prioratum
858 2591 970 2634 eorum
994 2591 1051 2656 per
1073 2567 1159 2634 filios
1175 2567 1278 2632 Belial

225 2669 391 2734 ministros
414 2693 489 2734 suos
521 2695 562 2736 ne
593 2671 746 2735 monachi
768 2671 898 2736 exirent
926 2669 1121 2746 observavit,
1145 2675 1278 2736 tantum
1312 2725 1314 2730 .

226 2773 365 2838 duorum
403 2773 554 2844 fratrum¹
583 2771 801 2858 lugitivorum
837 2771 938 2838 firltos
977 2771 1110 2836 auxilio.
1187 2771 1278 2838 Duos
1316 2821 1317 2824 ,

225 2877 325 2940 etiam
341 2877 459 2942 fratres
473 2877 515 2940 ad
530 2873 639 2960 ipsum
654 2875 933 2960 archiepiscopum
949 2873 1130 2942 destinatos
1145 2867 1278 2940 honoris

224 2979 333 3066 gratia
360 2981 473 3046 statim
497 2977 567 3068 oapi
590 2977 667 3044 fecit
694 2985 727 3046 et
754 3001 774 3044 a
802 2999 835 3044 se
859 2977 982 3044 divisos
1006 2977 1161 3066 custodia
1184 3003 1278 3044 man-

224 3083 333 3170 cipari.
355 3083 500 3148 Tandem
524 3083 653 3148 studuit
676 3083 938 3168 archiepiscopus
954 3105 1029 3148 eum
1054 3083 1149 3148 alteri
1171 3085 1277 3170 praefi-

223 3207 292 3248 cere
304 3185 450 3250 ecclesiae.
496 3171 546 3248 De
563 3207 627 3270 qua
637 3185 839 3272 praefectura,
852 3185 946 3272 quasi
956 3185 1076 3272 spiritu
1088 3187 1277 3272 prophetico

222 3289 418 3370 praeventus,
443 3287 490 3350 ita
521 3283 636 3350 scribit
666 3287 794 3350 Alanus
830 3287 933 3350 abbas
959 3287 1209 3352 Theokesberiae
1241 3287 1277 3350 in

222 3387 304 3454 libro
332 3389 371 3454 de
402 3387 612 3456 demolitione
644 3389 774 3476 capellae
806 3389 846 3454 de
872 3389 1068 3456 Hakintona
1094 3389 1149 3454 ubi
1163 3389 1275 3454 etiam

224 3491 332 3556 omnia
354 3491 512 3578 pradicta
535 3491 576 3554 de
600 3515 636 3556 eo
663 3491 792 3578 plenius
815 3491 930 3556 scribit
943 3517 998 3558 :—-·
1060 3539 1061 3542 κ

182 3651 183 3656 ’
257 3637 381 3694 Interim
407 3655 477 3694 vero
505 3635 540 3692 ob
565 3637 759 3694 reverentiam
787 3637 998 3710 archiepiscopi
1023 3655 1059 3692 ne
1077 3639 1226 3696 videretur
1246 3647 1276 3696 ei

222 3723 285 3794 ipse
310 3725 340 3776 in
364 3723 419 3778 hac
443 3715 526 3794 parte
552 3723 750 3788 succubuisse,
773 3713 837 3794 ipso
862 3739 933 3794 rege
961 3725 993 3776 id
1016 3731 1200 3794 procurante,
1226 3727 1275 3782 vix

223 3809 312 3860 semel
340 3805 531 3862 nominandus
562 3807 613 3868 sed
637 3805 746 3878 ubique
775 3807 954 3862 damnandus
983 3807 1116 3878 Rogerus
1140 3809 1272 3876 NorreiS,

222 3891 278 3944 Dei
304 3897 333 3948 et
361 3893 491 3948 eeclesia
521 3889 587 3948 Suae
614 3891 662 3946 hio
691 3895 720 3946 et
747 3889 854 3962 ubique
881 3891 1017 3948 inimicus
1042 3883 1223 3958 manifestus,
1244 3893 1275 3948 in

222 3975 484 4032 liloveshamensern
508 3981 695 4046 promovetur
719 3977 862 4042 abbatem,
884 3983 1026 4032 conventu
1043 3977 1125 4032 illius
1144 3971 1274 4032 ecclesiae

223 4065 363 4130 quantum
381 4059 465 4116 licuit
482 4055 669 4124 reclamante,
689 4061 740 4114 sed
758 4061 897 4124 adversus
915 4061 1081 4132 aequitatem
1098 4061 1273 4132 praevalente

221 4145 342 4210 malitia,
362 4145 410 4200 hie
428 4145 478 4198 ille
499 4145 576 4200 sicut
592 4145 754 4216 promeruit
778 4145 814 4200 de
835 4145 969 4202 mercede
987 4145 1149 4218 iniquitatis
1169 4163 1272 4216 agrum
1286 4149 1350 4202 Acts
1360 4151 1377 4202 i.
1391 4155 1428 4200 18.

220 4229 357 4298 possedit.
396 4229 432 4284 Iu
450 4229 618 4300 hujusmodi
637 4237 733 4286 autem
751 4223 875 4284 introitu
894 4229 989 4298 qualis
1008 4235 1146 4298 sequetur
1166 4229 1270 4294 exitus,

221 4313 323 4386 ipsum
340 4333 397 4372 uon
414 4315 486 4372 latet
506 4315 525 4370 J
527 4315 642 4370 udicern
661 4313 717 4384 Qui
736 4315 913 4374 examinator
933 4319 978 4370 est
995 4315 1175 4380 meritorum,
1194 4315 1261 4370 etc.l

253 4523 293 4552 ¹“
311 4539 355 4588 per
382 4521 528 4584 eloacam;”
564 4523 672 4574 Gervase
695 4523 727 4572 of
791 4523 815 4592 ¹²
831 4519 933 4586 socium]
946 4519 1111 4580 sadumMS,

220 4601 301 4656 Cant:
321 4603 468 4672 Twysden’s
476 4605 570 4656 Decem
580 4605 720 4672 Scriptores
804 4605 813 4634 ²
831 4601 887 4652 The
897 4615 1000 4668 passage
1011 4601 1185 4670 commencing
1195 4609 1219 4654 at
1230 4603 1272 4654 tho

219 4687 265 4738 col.
280 4693 349 4742 1519.
396 4691 461 4750 “per
484 4689 624 4756 cloacas3's’
647 4689 718 4740 Harl.
770 4687 850 4740 ivonis
871 4689 991 4736 “tantum
1009 4685 1139 4750 duorum,’'
1162 4685 1212 4736 and
1234 4685 1272 4734 in-

221 4763 717 4836 3763,f.169b.'andvesp.B.rv.
770 4769 875 4836 cluding
902 4769 951 4820 this
988 4769 1116 4832 quotation
1151 4769 1216 4818 from
1245 4767 1273 4830 (a

218 4843 259 4898 fol.
276 4855 313 4902 lo.
623 4877 624 4880 =
708 4893 709 4896 ,
772 4849 882 4904 hitherto
893 4853 1021 4902 unknown
1031 4851 1101 4904 work
1113 4851 1160 4916 by)
1169 4849 1238 4900 Alan
1247 4847 1277 4898 of
