3308 5666
412 691 477 754 322
841 701 1027 798 prrmrnrn
1135 779 1136 782 Ἴ

291 911 368 962 Ap„
410 891 520 956 decem
542 911 620 956 vero
644 889 753 966 libras,
777 886 819 974 de
851 885 981 970 placitis
1004 887 1040 948 et
1063 881 1202 964 diuersis
1225 881 1329 972 culpis
1351 877 1461 964 acqui-¹

249 983 500 1070 ¹⁰⁴4·¹⁰⁶⁶·sias‚
529 987 859 1072 omnimodis‘rejeoit
894 992 927 1053 et
962 985 1095 1074 respuit.
1157 983 1227 1064 Qui
1247 983 1402 1070 quoniam
1424 981 1461 1044 in

360 1171 365 1178 x
413 1091 564 1162 omnibus
586 1093 684 1160 iactis
716 1091 786 1160 suis
813 1089 884 1156 Deo
914 1091 1042 1178 placere
1075 1087 1214 1166 studuit,
1243 1089 1318 1172 post
1340 1085 1463 1150 bonam

411 1199 516 1266 vitam
562 1221 582 1262 a
626 1217 704 1272 eura
741 1193 900 1280 pastorali
938 1196 1058 1257 exutus
1104 1177 1218 1256 saneto
1254 1187 1321 1264 fine
1359 1185 1461 1251 ditari

360 1349 367 1352 „
412 1301 543 1368 meruit.
596 1331 599 1340 ¹
1106 1297 1108 1300 ’
1513 1289 1514 1292 ¹

373 1431 374 1434 ¹
457 1405 561 1490 Fuere
584 1387 686 1466 etiam
709 1395 745 1464 in
767 1397 924 1484 praedicto
946 1397 1146 1478 monasterio
1161 1400 1230 1461 tres
1251 1391 1461 1470 anachoritae,

413 1507 582 1592 Basingus,
597 1503 786 1594 AEliuinus,
802 1505 836 1566 et
852 1501 977 1592 Wisius
1000 1499 1057 1586 qui
1080 1499 1295 1586 septuaginta
1317 1493 1461 1582 quinque

410 1609 505 1674 anni·
527 1609 564 1672 in
588 1605 725 1672 diversis
748 1603 863 1670 extitit
890 1605 968 1706 loeis
991 1603 1152 1684 reclusus,
1170 1601 1332 1688 Basingus
1348 1601 1461 1666 autem

410 1709 621 1796 septuaginta
658 1707 792 1774 duobus.
855 1707 1030 1772 AEliwinus
1056 1727 1137 1772 vero
1166 1709 1237 1770 tam
1271 1703 1472 1788 conspicuosw

410 1801 566 1878 habebat
587 1811 724 1884 humani
761 1809 903 1896 generis¹
926 1809 1074 1884 immicos
1112 1811 1152 1874 ut
1186 1805 1461 1894 quemadmodum

410 1915 583 1980 hominum
605 1913 759 1980 similiter
773 1931 887 1988 eorum
908 1915 982 1986 acta
1005 1905 1135 1976 dictave
1159 1911 1350 1976 dinosceret.
1395 1905 1461 1970 Hie

411 2007 526 2082 multis
549 2013 665 2082 diebus
702 1999 933 2102 gravissimum
964 2013 1200 2098 improperium
1222 2013 1264 2076 ab
1287 2012 1382 2076 hoste
1403 2031 1463 2072 an-

411 2119 503 2206 tiquo
527 2119 694 2198 sustinuit,
710 2131 934 2204 saepenumero
948 2118 1018 2181 haec
1034 2111 1149 2180 eadem
1163 2117 1266 2182 verba
1281 2107 1460 2180 reiterante

317 2231 320 2240 ’
353 2221 354 2224 ’
410 2223 567 2300 daemone,
603 2219 666 2286 “O
690 2219 795 2306 qualis
818 2217 975 2304 etquam
1005 2219 1112 2284 bonus
1135 2241 1169 2282 es
1191 2217 1378 2296 monachus,
1404 2213 1462 2300 qui

410 2331 429 2360 “
452 2328 585 2412 propter
599 2321 705 2390 unum
720 2321 853 2412 obolum
869 2321 1044 2408 perdidisti
1066 2321 1298 2388 monachatum
1313 2325 1319 2384 i
1373 2317 1440 2396 Hei
1453 2321 1459 2382 l

411 2433 429 2468 “
452 2435 540 2492 nunc
563 2449 648 2506 vere,
678 2447 773 2490 nunc
803 2429 926 2510 aperte,
950 2425 1176 2490 demonstrata
1205 2415 1256 2490 est
1278 2417 1461 2510 hypocrisis
1503 2417 1504 2420 ’

410 2537 430 2618 “j
451 2529 558 2602 tuat*
604 2531 749 2602 Venerat
765 2585 766 2588 ,
781 2527 873 2596 enim,
904 2527 1042 2614 quidam
1070 2529 1124 2592 vir
1151 2529 1257 2596 bonus
1280 2525 1324 2592 ad
1346 2525 1462 2612 praefa-

408 2636 481 2697 tum
503 2633 675 2712 reclusum,
703 2631 841 2714 offerens
865 2625 937 2696 'sibi
960 2631 1101 2698 obolum.
1148 2621 1255 2712 Quem
1280 2651 1382 2716 quum
1405 2627 1479 2700 ille,
1536 2619 1539 2624 ’

366 2729 367 2732 '
406 2735 518 2818 justus
549 2735 642 2798 nullo
675 2733 772 2798 modo
806 2731 904 2798 vellet
937 2733 1108 2820 suscipere,
1134 2733 1305 2818 adjuratus
1328 2735 1379 2798 est
1402 2723 1473 2816 per

407 2825 544 2906 nomen*
560 2839 716 2906 terribilis
748 2837 812 2902 Dei
843 2842 1007 2924 quatenus
1042 2841 1227 2926 susciperet.
1289 2839 1351 2904 Ille
1382 2859 1460 2904 vero

386 2939 517 3008 noluit
541 2941 710 3026 suscipere,
735 2939 792 3006 sed
814 2945 928 3006 tamen
949 2947 1084 3028 propter
1099 2941 1353 3028 adjurationem,
1358 2941 1460 3026 jussit

409 3045 585 3110 ut'obolus
616 3065 713 3130 super
743 3041 922 3110 fenestram
955 3049 1143 3130 poneretur.
1204 3043 1277 3130 Hae
1301 3045 1341 3110 de
1364 3065 1461 3110 causa

408 3147 475 3211 tale
506 3147 717 3232 opprobrium
752 3143 953 3212 virbeatus
981 3169 1001 3210 a
1036 3149 1165 3212 diabolo
1195 3143 1367 3234 perpessus
1403 3152 1459 3213 est.

410 3249 488 3314 Non
522 3245 731 3314 minusvero
762 3247 998 3334 improperium
1020 3251 1200 3316 abeodem
1233 3251 1365 3318 inimico
1387 3271 1461 3336 per-

409 3349 490 3414 tulit
525 3371 621 3414 causa
654 3349 753 3414 unius
791 3341 903 3434 cyathi
941 3371 1038 3434 quem
1075 3353 1211 3438 plenum
1247 3353 1325 3416 vino
1350 3349 1459 3434 ¹juxta
1518 3397 1520 3400 -

409 3454 607 3538 praeceptum
631 3449 782 3538 magistri
806 3453 855 3516 sui
879 3451 1030 3522 biberat..l
1100 3455 1134 3518 Is
1156 3455 1245 3530 idem
1267 3455 1387 3524 referre
1410 3475 1460 3518 so-

382 3553 489 3618 litus
520 3557 591 3618 erat
621 3555 710 3640 quod
725 3555 1031 3644 'quotienscumque
1066 3557 1167 3644 signa
1187 3557 1459 3624 Eoveshamensis

298 3699 302 3714 .
407 3655 551 3722 ecclesiae
582 3655 625 3718 ad
655 3655 826 3720 canonicas
849 3656 946 3750 horas
977 3659 1200 3744 pulsarentur,
1227 3661 1350 3734 totiens
1385 3683 1458 3726 cum

406 3761 503 3824 tanto
526 3757 684 3838 tumultu,
716 3759 857 3844 strepitu
888 3781 927 3824 ac
961 3761 1095 3826 confuso
1133 3763 1272 3830 clamore
1310 3767 1459 3828 catervas

367 3935 375 3950 η
406 3851 603 3944 damonum
619 3863 807 3938 accurrisse,
832 3857 876 3926 ut
898 3866 1035 3948 putaret
1063 3887 1178 3936 omnes
1201 3869 1458 3950 circumquaque
1528 3889 1529 3892 ¹

405 3963 587 4028 existentes
609 3967 680 4028 mm
702 3967 924 4034 monstrosum
946 3967 1092 4052 sonitum
1114 3969 1253 4034 audisse.
1310 3969 1458 4034 Adveni-

360 4097 362 4136 3
405 4065 537 4130 entibus
560 4069 670 4130 autem
694 4057 902 4132 daemonibus
935 4063 1036 4154 supra
1058 4074 1185 4154 tectum
1208 4071 1362 4152 basilicae,
1385 4075 1457 4136 erat

290 4189 291 4194 ¹
405 4165 585 4230 dolendum
609 4189 678 4232 esse
689 4193 699 4248 ;
722 4167 860 4234 auditur
881 4191 1024 4256 namque
1046 4195 1067 4236 a
1090 4173 1258 4258 spirituali
1285 4173 1357 4238 viro
1379 4173 1456 4244 illos

403 4265 468 4334 huc
490 4267 634 4354 illucque
655 4259 804 4350 uolitare,
833 4271 945 4358 crdpas
968 4273 1175 4362 singulorum
1198 4297 1272 4340 cum
1295 4277 1455 4341 cachinno

402 4373 438 4434 et
471 4371 616 4476 maxima
646 4372 903 4438 subsannatione
930 4375 1117 4470 denudare,
1148 4397 1237 4442 nunc
1269 4379 1329 4442 hos
1360 4381 1455 4444 extra
1526 4449 1527 4452 Ἴ

549 4655 551 4660 ·
599 4627 731 4694 'citroq
745 4631 843 4694 liberat,
860 4625 926 4694 ΜΒ.)
943 4635 1070 4698 corrected
1086 4633 1114 4682 in
1125 4631 1168 4684 the
1178 4633 1287 4700 murgu'n.
1392 4643 1398 4652 ”
1448 4623 1451 4630 ’
