3300 5666
452 775 652 864 onnonroon
674 815 831 864 nasama
852 813 900 864 nn
923 813 1091 864 suessan.
1237 799 1278 868 37

241 1011 274 1052 se
295 989 436 1054 vicissim
450 989 562 1054 iniisse
584 991 758 1056 certamen.
806 991 905 1056 Nune
920 991 1011 1056 naui1
1027 1011 1140 1056 versus
1156 991 1279 1056 aethera
1291 1003 1359 1054 Aa),
1373 1001 1443 1054 roas.

239 1091 392 1156 fluetibus
413 1091 550 1172 sublata,
573 1111 661 1170 nuno
683 1091 726 1154 ad
754 1093 823 1158 ima
848 1093 969 1158 eisdem
993 1091 1125 1178 dejecta,
1148 1097 1277 1158 omnem
1442 1093 1444 1096 ’

240 1217 329 1280 spem
360 1193 474 1260 salutis
505 1193 721 1280 perdiderant.
774 1195 933 1260 Exoritur
963 1195 1114 1262 nauticus
1148 1196 1277 1272 elamor,

239 1297 360 1362 stridor
380 1297 579 1376 rudentium,
601 1295 744 1380 undique
767 1295 897 1364 lethalis
921 1297 1011 1364 dolor
1046 1297 1275 1370 accumulatur,

240 1399 384 1464 Tandem
399 1397 600 1486 'tempestate
623 1397 745 1462 devicti
768 1403 801 1464 et
824 1399 916 1486 paene
938 1399 973 1464 in
992 1399 1152 1466 ultimam
1166 1401 1394 1486 despensandir

236 1503 398 1568 'rationem
433 1501 573 1580 deducti,
599 1505 673 1588 post
696 1503 806 1584 paoem
837 1503 873 1568 in
908 1507 1077 1568 commune
1109 1505 1214 1590 perdat

239 1607 309 1670 Deo
322 1605 549 1692 Omnipotenti
560 1627 593 1670 se
605 1607 743 1686 suasque
759 1605 885 1670 animas
899 1605 1101 1690 lachrymose
1118 1629 1277 1672 commen·
1290 1619 1380 1670 wreok.

238 1709 365 1774 devera
426 1707 535 1788 Quum
568 1715 637 1774 eooe
675 1709 873 1776 venerabilis
896 1709 1044 1796 pontifex
1068 1709 1274 1788 AEilwardus,

237 1813 422 1876 reeordatus
442 1811 559 1876 merita
579 1811 681 1876 sancti
707 1813 840 1902 Deqque
865 1811 975 1876 dilecti
998 1811 1103 1896 patris
1119 1811 1276 1898 Eogwini,

237 1913 381 2000 geminas
397 1913 437 1978 ad
465 1913 572 1978 sidera
593 1913 714 2000 palmas
739 1915 927 1992 extendens,
952 1913 1032 1978 talia
1065 1913 1185 1982 refert:
1210 1913 1275 1978 “0

237 2023 255 2048 “
266 2015 381 2082 dilecte
405 2021 502 2102 pater,
528 2017 689 2102 Eogwine,
707 2009 759 2082 tii
775 2019 859 2082 servi
875 2025 962 2082 nuno
979 2017 1138 2096 miserere,
1155 2039 1277 2102 nosque

238 2119 387 2204 “pariter
402 2141 422 2182 a
435 2119 589 2204 praesenti
604 2119 745 2204 periculo
761 2119 875 2184 mortis
891 2119 1008 2204 eripe.”
1055 2119 1159 2184 Vovit
1175 2119 1275 2184 etiam

236 2219 423 2306 hujusmodi
438 2225 573 2286 votum:
614 2227 631 2256 “
643 2221 678 2288 Si
695 2225 786 2288 Deus
803 2221 1020 2308 Omnipotens
1043 2217 1182 2306 pertua
1204 2221 1275 2284 dul-

133 2339 135 2358 *
238 2329 256 2358 “
268 2323 396 2388 sissima
410 2325 527 2390 merita
541 2325 695 2412 dignatus
710 2325 810 2390 fuerit
830 2325 1115 2410 inpraesentiarum
1129 2324 1274 2402 liberare,

238 2433 255 2462 “
266 2427 420 2492 scrinium
435 2427 499 2492 tibi
524 2449 566 2492 ex
581 2449 659 2492 auro
676 2433 709 2492 et
731 2435 867 2514 argento
890 2429 1005 2492 faniam
1027 2449 1218 2514 praeparare,
1243 2433 1277 2492 et

237 2535 255 2564 “
267 2535 411 2594 sanctam
427 2531 662 2594 solemnitatem
678 2535 771 2592 tuam
787 2529 926 2616 amplius
943 2549 1042 2614 quam
1057 2539 1154 2594 antea
1169 2529 1277 2614 fuerat

237 2631 381 2718 “jubebo
398 2653 471 2696 oum
485 2631 607 2696 honore
624 2631 853 2716 frequentari.’'
900 2631 968 2696 Vix
986 2633 1121 2696 verbum
1137 2632 1278 2716 comple-

236 2739 335 2814 verat,
360 2755 462 2820 quum
486 2755 576 2814 mox,
596 2755 662 2798 non
684 2734 842 2820 paulatim
866 2747 979 2798 verum
1003 2735 1171 2820 gregatim,
1195 2757 1275 2820 prae-

233 2837 374 2924 cipiente
413 2835 564 2914 Domino,
596 2835 833 2922 tranquillitas*
853 2837 971 2916 redire,
1007 2837 1119 2900 solaris
1165 2835 1275 2900 radius

233 2939 423 3016 illucescere,
440 2939 536 3002 simui
551 2939 660 3004 omnia
674 2939 711 3000 in
725 2959 914 3024 prosperum
929 2939 1056 3018 oedere3
1071 2943 1183 3004 nautae
1198 2961 1275 3004 vero
1351 2949 1353 2954 '

234 3063 308 3106 oum
323 3041 440 3128 gaudio
457 3063 586 3106 cursum
602 3041 784 3118 extendere,
807 3057 845 3104 ao
869 3061 942 3104 oum
960 3063 1087 3106 summa
1102 3040 1275 3106 velocitate
1323 3061 1324 3064 ’
1400 3031 1401 3036 ¹

163 3195 166 3202 .
234 3149 353 3208 terram
371 3148 489 3230 petere.
536 3143 581 3208 Et
604 3141 717 3208 statim
741 3143 783 3208 ad
807 3142 1008 3206 Flandrense
1030 3141 1109 3206 litus
1138 3141 1274 3228 appulsi,

231 3239 372 3310 ¹nimium
403 3250 547 3332 “optata
569 3245 743 3330 potiuntur
780 3243 909 3310 arena''
956 3243 1105 3310 Indead
1131 3245 1275 3314 Heardeae
1289 3251 1433 3330 ymarus.

229 3352 389 3414 *canutum
418 3349 654 3434 pervenientes,
689 3347 746 3434 qui
773 3371 810 3414 ea
839 3353 1034 3434 tempestate
1067 3369 1138 3412 oum
1170 3353 1274 3414 matre
1289 3335 1306 3368 ¹'
1321 3323 1375 3376 1⁷⁶·

234 3475 292 3518 sua
314 3453 401 3538 apud
424 3451 572 3518 comitem
605 3451 770 3516 Flandriae
802 3449 1038 3538 hospitabatur,
1070 3473 1273 3516 communem

233 3577 398 3620 assensum
420 3554 532 3642 popuii
555 3555 618 3620 sibi
647 3547 843 3640 peremnia
872 3557 1028 3640 pandunt.
1090 3555 1206 3642 Sisque
1234 3561 1273 3618 ut
1338 3623 1340 3626 ,

233 3657 380 3722 futurum
410 3677 518 3742 regem
549 3657 680 3744 Angliae
699 3656 805 3722 ‘illum
842 3677 915 3722 oum
945 3655 1155 3722 veneratione
1176 3679 1271 3722 assu-

233 3764 366 3836 mentes,
402 3781 476 3824 eum
497 3761 624 3848 ingenti
662 3759 782 3824 laetitia
814 3759 850 3824 in
880 3761 1034 3846 Angliam
1049 3771 1052 3778 ’
1065 3759 1269 3846 repedarunt,

233 3885 370 3950 eumque
392 3885 508 3950 regem,
531 3871 570 3928 ut
593 3885 663 3928 mos
685 3867 743 3942 est,
770 3863 1019 3928 constituerunt.
1075 3863 1270 3928 Praelibatus

230 3965 332 4050 igitur
362 3965 528 4052 episeopus
553 3965 759 4044 AEilwardus
791 3987 858 4030 non
894 3965 1065 4030 immemor
1088 3965 1269 4052 sponsionis
1316 3969 1317 3972 ’

232 4089 306 4146 suae,
329 4067 442 4134 statim
466 4071 504 4132 ut
527 4067 569 4132 ad
591 4069 719 4156 propria
733 4067 828 4134 venit
842 4091 924 4156 opus
947 4069 1035 4154 quod
1058 4073 1195 4132 voverat
1217 4089 1269 4132 ac·

230 4170 361 4236 celerari
371 4171 479 4258 jussit.
525 4171 736 4258 Perfectoque
751 4171 869 4238 scrinio
885 4195 959 4238 oum
981 4193 1059 4238 auro
1076 4175 1110 4236 et
1133 4171 1269 4258 argento

231 4273 387 4340 adornato
410 4275 445 4340 in
468 4297 531 4362 quo
558 4297 646 4340 nuno
676 4297 747 4342 ossa
768 4275 873 4364 patris
903 4275 1006 4342 nostri
1029 4273 1134 4340 sancti
1157 4273 1268 4340 Odulfi

625 4669 632 4700 ¹
644 4667 715 4736 novi]
728 4667 807 4730 nasis,
819 4667 874 4718 MS.
