3300 5666
448 779 648 872 osnouroou
670 821 827 872 Annona
850 821 897 870 nn
920 819 1090 872 svnsnsu.
1248 805 1290 868 35

238 993 401 1050 adeundos.
440 993 568 1062 Quorum
591 991 693 1046 limina
718 1009 809 1064 quum
833 995 954 1050 adiisset
977 1001 1127 1050 eteorum
1152 991 1291 1064 suffragia

160 1087 161 1090 ’
244 1077 424 1160 postulasset!
445 1077 641 1142 devotissime,
672 1075 730 1130 tale
761 1079 792 1130 in
823 1077 931 1154 somnis
962 1079 1074 1150 recepit
1101 1095 1287 1150 responsum:

201 1213 202 1216 ,
230 1163 263 1210 ι“
276 1159 358 1216 Vade
378 1161 409 1214 in
428 1159 576 1232 Angliam‚
604 1165 633 1214 et
657 1157 735 1214 beati
758 1163 894 1232 praesulis
920 1163 1054 1232 Dogwini
1075 1163 1172 1216 looum
1192 1163 1289 1218 debito

237 1243 435 1300 venerationis
459 1247 540 1300 oultu
557 1245 686 1316 require·
704 1249 734 1308 et
751 1243 982 1300 misericordiam
1007 1241 1181 1300 obtinebis.”
1218 1245 1288 1302 Sur·

236 1347 312 1400 gens
337 1329 435 1402 itaque
461 1347 479 1384 a
504 1331 611 1392 somnis
632 1331 734 1384 beatus
758 1331 901 1402 poenitens
926 1329 1037 1400 gaudet
1062 1347 1092 1386 so
1122 1349 1176 1402 pro
1205 1337 1287 1400 parto

237 1415 386 1484 aooepisso
405 1415 482 1484 quod
504 1413 686 1484 quaesiverat.
732 1413 949 1470 Dxaudiverant
968 1415 1044 1470 enim
1063 1433 1130 1468 eum
1153 1413 1287 1484 Apostoli

239 1505 273 1554 ut
296 1499 449 1554 eonsilium
482 1499 592 1564 darent,
618 1515 675 1552 non
698 1503 731 1552 ut
758 1495 814 1568 [in]
850 1517 978 1570 praesens
1004 1499 1089 1568 pleno
1116 1499 1283 1554 liberarent.
1343 1541 1345 1548 s

153 1591 154 1594 ’
239 1583 369 1654 Aooepta
404 1581 502 1654 itaque
534 1599 584 1654 spe
616 1579 778 1640 certissima
809 1601 918 1638 eorum*
945 1583 999 1640 sibi
1029 1601 1086 1638 non
1116 1583 1285 1640 abfuturum

221 1731 222 1734 Ἴ
237 1667 380 1724 auxilium
393 1685 516 1740 quorum
534 1673 685 1738 reooperat
703 1667 866 1736 eonsilium,
881 1685 969 1740 quem
988 1669 1110 1738 cogebat
1127 1667 1284 1724 neeesssita

236 1751 411 1808 delationem
428 1757 488 1808 tom
506 1769 627 1824 gravem
644 1751 855 1824 patientissime
873 1753 1022 1818 sustinuit,
1037 1751 1107 1824 quia
1123 1769 1181 1806 non
1199 1753 1283 1808 aliter

236 1835 331 1908 potuit
350 1835 478 1890 obtinere
499 1837 576 1906 quod
596 1837 734 1908 expetiit;
755 1841 870 1890 etcum
890 1829 943 1890 tali
968 1837 1157 1892 valefactione
1179 1835 1283 1892 itinere

237 1927 362 1992 arrepto,
377 1919 470 1976 aedem
488 1921 579 1977 saneti
598 1919 730 1992 Dogwini
743 1919 823 1984 adiit,
843 1919 874 1974 in
892 1919 976 1992 eujus
995 1919 1116 1976 basilios
1128 1933 1218 1990 quum
1230 1937 1282 1992 per

235 2005 342 2062 multos
368 2003 430 2060 dies
455 2003 575 2078 jejuniis
605 2011 634 2062 et
664 2003 840 2060 orationibus
868 2003 1024 2078 expetitam
1054 2010 1083 2062 et
1103 2009 1282 2076 expectatam

234 2091 441 2148 misericordiae
472 2109 556 2162 opem
579 2091 805 2162 praestolaretur,
830 2089 954 2162 quadam
978 2091 1034 2156 die,
1062 2091 1133 2146 hora
1153 2089 1241 2146 tertia
1265 2109 1282 2144 a
1365 2093 1367 2096 ’

229 2175 372 2232 fratribus
396 2177 570 2238 monasterii„
584 2175 770 2232 devotissime
789 2175 948 2242 donantem,
969 2181 999 2230 et
1016 2175 1116 2240 missa,
1140 2183 1175 2230 ut
1190 2175 1280 2228 moris

233 2265 287 2326 est,
307 2259 494 2316 oeleberrime
519 2261 681 2326 subsecuta,
708 2261 779 2316 hora
797 2261 990 2332 perceptionis
1018 2259 1118 2318 Divini
1144 2257 1281 2330 Mysterii

232 2363 301 2402 vere
320 2345 472 2416 poenitenti
484 2345 615 2402 divinum
632 2359 689 2402 nou
707 2343 801 2400 defuit
819 2339 1023 2404 ministerium.

579 2541 580 2544 Ἴ
666 2589 774 2646 Lnorro
785 2587 840 2648 XI.

264 2753 342 2810 Nam
360 2753 469 2810 virtute
482 2751 580 2808 divina
598 2753 729 2816 tantari
749 2751 860 2810 nonus.1
885 2749 936 2808 ille
954 2749 1080 2808 oiroulus
1100 2751 1275 2824 dirumpitur

230 2844 263 2896 ut
281 2839 343 2916 ipse
362 2839 461 2910 fragor
473 2837 504 2892 in
517 2839 633 2894 ohoroa
651 2837 791 2894 fratribus
804 2837 963 2904 audiretur,
988 2837 1047 2896 aosi
1075 2837 1185 2894 ferrum
1205 2839 1276 2894 mal-

229 2923 274 2978 leo
295 2928 504 2994 percuteretur,
549 2923 589 2978 ut
607 2923 669 2994 ipso
686 2923 798 2994 impetu
824 2921 972 2978 fractionis
992 2939 1009 2978 a
1029 2921 1092 2978 looo
1116 2923 1167 2978 ubi
1192 2939 1275 2978 seous

230 3009 320 3064 altare
336 3009 478 3080 poenitens
491 3011 592 3064 orabat
603 3011 714 3064 ferrum
734 3009 808 3064 illud
825 3007 855 3062 in
873 3009 994 3064 ohorum
1012 3007 1201 3082 dejiciebatur
1214 3007 1275 3064 aosi

230 3113 318 3150 manu
349 3095 477 3150 hominis
499 3093 671 3164 jactaretur,
699 3097 732 3148 ut
746 3093 861 3150 divinae
894 3093 1089 3150 miserationis
1121 3093 1273 3166 opitulatio

201 3231 204 3238 ,
228 3179 362 3232 omnibus
381 3177 627 3235 manifestaretur.
665 3179 797 3234 Eventus
816 3177 909 3250 igitur
928 3179 1038 3242 ordine,
1061 3179 1131 3234 faeti
1150 3177 1224 3234 serie
1244 3182 1274 3233 et

227 3263 271 3320 rei
293 3263 452 3319 veritates
476 3255 615 3318 fratribus
640 3263 809 3321 monasterii
834 3263 1005 3334 diligentius
1024 3263 1182 3334 inquisitis,
1204 3253 1272 3334 ¹pul·

230 3352 330 3404 santur
343 3347 473 3414 classina,
488 3353 518 3402 et
530 3347 608 3402 clara
626 3365 697 3402 vooe
710 3365 777 3402 oum
795 3347 958 3418 gratiarum
970 3347 1081 3402 actione
1100 3347 1273 3404 attolluntur

227 3429 282 3486 Dei
296 3431 450 3500 magnalia.
488 3429 512 3484 Ο
534 3447 621 3502 quam
633 3431 770 3486 'veridica
788 3431 907 3486 Domini
920 3431 1071 3496 sententia,
1086 3449 1144 3502 qua
1157 3427 1272 3488 seoutos

158 3517 160 3522 '
228 3533 258 3572 se
278 3513 324 3568 his
351 3531 416 3586 quse
436 3513 492 3586 ipsi
512 3515 589 3570 Dum
613 3515 718 3572 fecisse
743 3515 878 3586 viderant
902 3515 1019 3584 similia,
1042 3515 1130 3594 immo
1149 3515 1269 3586 majora,
1286 3533 1403 3588 &John

226 3601 353 3656 faeunos
366 3599 550 3672 promiserat.
588 3599 664 3656 Dooe
686 3599 765 3656 enim
784 3599 918 3658 omnibus
932 3601 979 3672 pie
993 3599 1178 3658 medentibus
1191 3606 1272 3672 patet
1283 3601 1335 3656 xiv.
1351 3611 1387 3658 12.

226 3683 291 3740 luoe
322 3683 442 3756 quidem
472 3683 588 3748 elarius,
622 3685 711 3756 quod¹
726 3685 870 3740 Dominus
895 3685 979 3741 beato
1003 3685 1150 3756 Dogwino‚
1184 3699 1270 3758 quem

225 3769 398 3825 mirabiliter
411 3767 538 3824 solverat
555 3787 574 3824 a
584 3767 719 3834 vinculis,
740 3765 914 3840 potestatem
932 3769 1088 3825 contulerit
1104 3769 1269 3824 mirabilius

221 3853 354 3908 solvendi
373 3853 445 3908 alios
464 3869 481 3908 a
498 3851 619 3910 nexibus
638 3858 699 3908 tam
716 3853 820 3908 animae
839 3871 927 3924 quam
945 3853 1083 3924 eorporis.
1119 3853 1167 3908 Ad
1183 3851 1269 3908 illum

224 3953 349 4006 namque
368 3953 456 4008 quem
474 3937 510 3992 ab
527 3935 639 4008 Anglia
656 3935 779 3992 Romam
796 3937 927 3993 uadum
943 3935 1096 3992 avinculis
1115 3935 1218 3992 ferreis
1231 3935 1267 3990 ab

224 4019 371 4094 Apostolis
400 4021 579 4086 solvendum,
605 4021 642 4078 de
661 4021 761 4076 eadem
779 4021 851 4076 urbe
870 4021 901 4076 in
918 4019 1056 4092 Angliam
1074 4039 1131 4094 per¹
1151 4021 1267 4076 eosdem

224 4105 378 4178 Apostolos
399 4101 480 4163 misit
500 4105 590 4162 istum
611 4107 799 4178 penitentem
821 4125 838 4160 a
859 4105 1081 4162 ‘oireulo‘ferreo
1106 4105 1141 4160 ab
1166 4105 1267 4160 eodem

223 4191 415 4246 liberandum.
452 4185 640 4246 Oelebremus
665 4191 766 4262 igitur,
790 4193 894 4248 fratres
920 4183 1114 4256 dileetissimi,
1141 4189 1266 4244 devotis·

223 4277 295 4332 sime
320 4277 394 4332 tanti
418 4277 509 4348 patris
540 4275 769 4340 translationem,
796 4293 882 4346 quem
908 4275 1050 4330 Dominus
1076 4275 1266 4344 Omnipotens

223 4365 274 4424 tot,
302 4361 400 4426 tantis,
422 4365 450 4414 et
476 4365 536 4414 tam
553 4359 693 4414 mirandis
717 4359 877 4418 uirtutibus
902 4357 1047 4434 glorifioat
1070 4359 1101 4416 iu
1125 4357 1212 4414 terris
1237 4362 1267 4413 et

224 4443 307 4502 nobis
328 4443 494 4502 manifestet
512 4443 706 4518 glorificatum
725 4443 757 4502 in
773 4445 864 4500 eoelis.

594 4729 699 4796 1ιιιιιιιιι]
713 4745 798 4792 novus,
812 4727 867 4782 MS.

1066 4817 1129 4880 02
