3308 5666
459 695 669 744 worsaoruoor
692 693 851 742 assarna
866 687 921 742 ‘ns
944 687 1113 740 sunnon.
1192 677 1193 680 ’
1250 675 1314 748 173

266 877 353 936 tenus
374 871 525 938 'ecclesias
547 875 615 936 Dei'
632 883 686 956 per
704 881 880 938 Brittaniam
908 881 1063 954 dispositas
1089 877 1140 936 tua
1165 879 1258 950 ipsius
1284 881 1481 940 etA.D.120‘t.

266 971 432 1022 sanctorum
450 959 648 1038 apostolorum
667 965 839 1024 auctoritate
866 973 1014 1040 protegas,
1033 983 1070 1020 ne
1090 965 1155 1036 quis
1175 983 1313 1034 pervasor
1346 953 1447 1022 ¹[713.]

194 1111 195 1114 Ἰ
228 1073 230 1076 ·
264 1045 462 1122 cujuscunque
482 1049 590 1106 ordinis
609 1071 626 1106 a
644 1051 762 1106 Deo'et
787 1051 870 1116 nobis
897 1051 1054 1106 constituta
1070 1049 1228 1120 privilegia
1246 1049 1312 1106 sub-

251 1139 341 1196 ruat,
377 1133 459 1190 Inter
475 1135 575 1206 -quas¹
590 1153 654 1196 eam
668 1135 733 1208 quse
751 1137 919 1212 nuperrime
938 1153 956 1190 a
972 1133 1134 1190 venerabili
1152 1133 1216 1188 viro
1226 1133 1310 1202 'Eug-

263 1213 358 1272 wino²
371 1224 482 1274 nostra
508 1226 538 1275 et
564 1219 648 1290 regia
683 1219 855 1274 anctoritate
890 1219 1047 1276 constituta
1066 1223 1111 1272 est
1128 1219 1187 1272 tua
1206 1217 1310 1270 ditioni
1392 1277 1394 1290 ,

261 1301 426 1372 praeoipue³
438 1301 648 1366 submittimus³
672 1308 705 1357 ut
724 1301 779 1356 tibi
792 1303 958 1372 et'posteris
971 1303 1030 1358 tuis
1042 1303 1186 1372 potestate
1205 1299 1308 1354 divini-

236 1455 237 1458 *
260 1385 310 1440 tus
329 1385 464 1440 concessa
482 1385 518 1440 ab
537 1385 615 1440 omni
628 1403 696 1440 earn*
704 1385 939 1440 adversariorum
957 1385 1309 1460 impugnationeliberam
1340 1447 1341 1450 Ἰ

260 1469 483 1540 inperpetuum
500 1469 615 1526 reddas.
651 1469 771 1524 Justunir
790 1469 867 1524 enim
884 1471 968 1526 nobis
987 1471 1104 1546 videtur
1123 1475 1155 1526 ut
1175 1469 1311 1540 quoniam

260 1553 355 1606 isdem
382 1553 562 1622 venerabilis
582 1551 778 1626 Ecgwinusf.
796 1553 961 1624 exemplum
991 1553 1110 1610 Donuini
1128 1557 1130 1560 ’
1148 1551 1310 1634 [secutus]⁵

261 1655 292 1692 se
326 1637 506 1692 humiliando
527 1637 612 1692 inibi
627 1637 746 1692 effectus
769 1641 814 1690 est
840 1637 938 1700 abbas,
965 1637 1071 1692 iccirco
1096 1639 1158 1692 haec
1178 1637 1308 1710 ecclesia,

261 1719 420 1776 secundum
438 1721 515 1790 quod
533 1739 585 1792 per
598 1719 831 1792 legatum'suum
849 1719 1082 1776 Ethelwoldum⁶
1100 1719 1235 1792 expetiit}
1250 1739 1308 1774 am·

259 1803 382 1874 pliorem
401 1805 574 1874 dignitatem
593 1823 610 1858 a
627 1807 728 1858 nostra
746 1803 813 1858 sede
833 1803 879 1858 sui
890 1803 996 1857 merito
1020 1803 1157 1858 obtineat.
1196 1803 1308 1858 Oonsti-

260 1887 369 1942 tuirnus
389 1889 459 1958 argo
479 1889 509 1940 in
526 1889 643 1942 nornine
658 1887 781 1940 'Domini
806 1893 839 1942 ut
857 1887 951 1940 isdem
967 1887 1050 1940 locus
1070 1887 1125 1942 sub
1143 1887 1309 1944 monarchia

258 1969 369 2042 proprii
388 1971 499 2026 abbatis
520 1973 557 2026 sit
574 1971 651 2026 liber
669 1973 704 2026 ab
725 1969 803 2026 ornni
816 1969 967 2040 tyrannica
986 1971 1188 2036 exactionaet
1209 1971 1308 2026 nullus

258 2055 585 2126 cujuscunque'ordinis
599 2057 685 2110 homo
693 2059 696 2064 ”
704 2053 824 2126 aliquod
842 2051 1003 2126 gravamen
1012 2055 1055 2112 ibi
1066 2055 1174 2108 inferre
1193 2045 1306 2108 audeat.

258 2137 401 2192 Defuncto
420 2139 518 2192 autem
531 2139 655 2208 'abbates
668 2137 828 2194 secundum
839 2137 1013 2196 'canonicam
1040 2137 1242 2192 auctoritatem
1259 2131 1306 2200 rel

257 2221 293 2276 de
312 2223 623 2292 ipsomon'asteriovel
637 2221 672 2278 de
691 2221 828 2292 parochia
839 2221 1015 2276 Wictioruru
1033 2221 1120 2276 abbas
1139 2221 1306 2288 afratribus

257 2305 388 2376 ejusdem
407 2305 464 2360 loci
482 2305 618 2376 eligatur,
640 2305 691 2378 qui
709 2307 741 2360 in
759 2303 860 2358 cadem
879 2305 1003 2360 ecclesia
1019 2303 1306 2360 iibereet'canonice

257 2389 319 2446 sine
338 2391 436 2460 aliqua
461 2389 609 2444 exactione
636 2387 830 2452 consecratus,
860 2387 896 2442 ob
920 2387 1114 2444 reverentiam
1130 2387 1323 2444 uenerabilis¹

256 2473 372 2544 ngini
399 2473 504 2528 annulo
530 2473 561 2526 in
588 2473 792 2528 celebratione
810 2471 967 2526 missarum
987 2469 1168 2526 solummodo
1195 2469 1302 2536 utatur,

254 2549 440 2628 primumque
458 2557 555 2610 locurn
572 2561 639 2628 post
650 2555 825 2612 Wictior'unr
843 2553 999 2624 praesuiem
1016 2559 1116 2608 nostra
1133 2557 1304 2610 auctoritate

251 2641 372 2712 jugiter,
394 2639 530 2710 obtineat.
587 2639 619 2694 si
645 2639 710 2708 quis
734 2639 827 2708 igitur
850 2639 905 2692 hoo
929 2637 1119 2708 privilegium
1143 2637 1302 2710 infringere

254 2723 396 2786 voluerit
410 2723 472 2778 sire
485 2719 521 2776 ‚in
539 2723 602 2776 loco
614 2725 821 2790 monachorum
834 2721 954 2776 clericos
967 2721 1125 2776 immittere
1135 2723 1299 2786 tentaverit,

254 2825 352 2860 coram
370 2807 432 2868 Deo
451 2811 480 2862 θὴ
498 2805 612 2876 angelis
623 2805 696 2876 Ejus
714 2807 931 2876 inperpetuum
944 2805 982 2860 sit
995 2807 1154 2860 anathema.
1184 2805 1215 2860 Si
1235 2807 1300 2878 quis

253 2909 323 2946 vero
341 2891 414 2944 hanc
432 2895 561 2946 nostram
574 2889 777 2948 auctoritatem
789 2889 959 2954 serraverii,
974 2893 1126 2944 conservet
1143 2897 1210 2944 eum
1220 2891 1300 2946 Deus

253 2975 285 3042 in
303 2980 453 3046 aeternum.
492 2973 608 3044 Scripta
626 2979 672 3028 est
689 2973 752 3026 haeo
779 2971 903 3042 epistola
929 2973 1181 3036 annoDominiose
1200 2975 1298 3028 Incar-

161 3043 163 3050 *
252 3059 378 3118 nationis
388 3057 645 3130 septingentesimo
654 3055 864 3122 tertiodecimo
875 3055 1049 3126 praesidente
1062 3059 1226 3126 apostolicae
1237 3059 1299 3112 sedi

251 3159 327 3212 papa
345 3141 534 3198 Constantino
552 3137 688 3218 et÷hoc
706 3141 824 3212 signum
843 3144 949 3194 sancta
962 3141 1063 3198 'crucis
1076 3141 1194 3214 propria
1211 3159 1299 3196 manu

254 3225 386 3282 faciente.

458 3425 692 3514 Prioiiopium
714 3425 916 3494 innocentii
940 3425 1090 3494 secundi.
1170 3453 1171 3456 ¹
1220 3493 1222 3498 χ
1313 3461 1465 3518 A.D.uss.

285 3569 471 3626 innocentius
501 3569 662 3642 episcopua,
701 3587 802 3628 servus
822 3585 974 3624 servorum
992 3569 1070 3634 Dei,
1102 3569 1221 3624 dilecto
1238 3569 1297 3626 filio
1315 3535 1344 3578 16
1357 3531 1439 3596 Apnl'

250 3651 432 3724 Reginaldo⁷
459 3653 557 3712 abbati
582 3653 806 3710 Eveshamensis
833 3651 1004 3708 monasterii
1031 3653 1152 3724 ejusque
1173 3671 1306 3710 succes·

215 3777 219 3786 .
250 3737 366 3792 soribus
395 3737 531 3792 amonica
548 3737 769 3794 substituendis
797 3735 829 3790 in
854 3743 1040 3808 perpetuum.
1079 3735 1162 3792 Sicut
1188 3737 1298 3806 injusta

183 3859 184 3864 ,
248 3821 434 3890 poscentibus
465 3821 564 3876 nullus
584 3827 628 3876 est
645 3821 819 3876 tribuendus
848 3819 978 3884 effectus,
1000 3821 1042 3874 ita
1058 3819 1194 3890 legitima
1220 3821 1296 3878 desi-

249 3903 414 3960 derantium
432 3923 489 3958 non
509 3903 572 3960 θθὴ8
590 3905 750 3960 differenda
763 3905 893 3974 petitio„
917 3903 983 3958 Hoc
1009 3903 1149 3958 nimirum
1176 3905 1293 3970 intuitu,

217 4037 221 4046 ,
248 3987 353 4042 dilecte
371 3989 403 4042 in
421 3987 545 4042 Domino
563 3987 606 4042 fili
624 3985 786 4058 Reginalde
800 3987 897 4052 abbas,
912 3987 970 4042 tuis
987 3989 1077 4058 justis
1095 3989 1294 4058 postulationi-

818 4101 837 4136 κ

248 4157 1292 4166 ——fflmmffl—--m

281 4271 288 4300 ¹
301 4271 380 4332 etium,
395 4271 475 4322 added
485 4269 514 4318 in
526 4271 603 4334 Vesp.
615 4271 646 4318 B.
659 4269 731 4320 xxiv.
829 4265 1038 4334 “Eiteiwoldum
1084 4269 1275 4322 Ethelwaldum.

280 4349 432 4416 ²Ecytcino]
447 4349 562 4412 ngino.
596 4349 661 4398 Ibid.
794 4347 858 4398 Ibid.
887 4385 890 4394 .
1156 4393 1157 4396 ,
1244 4401 1245 4404 ¹

280 4427 434 4494 ’prcecipad
447 4443 498 4478 om.
531 4425 595 4476 Ibid.
829 4423 998 4490 'chicuido]
1019 4423 1150 4478 Reinaldo.
1184 4427 1248 4480 Ibid.
1275 4483 1279 4490 ὲ

281 4507 446 4574 ⁴Ecpwinas]
461 4505 590 4570 nginus.
624 4505 689 4556 Ibid.
795 4505 837 4554 fol.
851 4505 918 4556 741³.
950 4551 951 4554 ,
998 4549 999 4552 ,
1275 4517 1278 4524 ’

281 4587 409 4652 β,θ’θιιὴιὴ]
437 4585 501 4634 Ibid.
671 4587 672 4590 ’
830 4583 1040 4648 ⁸est]om.1bid.
1147 4607 1150 4616 ν
1244 4633 1245 4638 ,
1323 4625 1324 4630 ,
