3308 5666
432 733 434 738 .
482 687 682 770 onnonrcon
704 687 861 736 assarna
884 689 931 736 on
952 689 1120 740 nvnsnan.
1242 679 1317 740 ’301

231 899 232 902 “
282 891 352 934 rem
385 877 513 958 portam
546 875 677 956 ibidem,
705 881 739 942 et
774 875 939 958 minorem·
972 875 1143 962 grangiam
1160 875 1206 940 -in
1232 875 1323 954 curia
1337 877 1470 996 raai‘D't

281 973 437 1040 exteriori
476 977 607 1044 ibidem.
685 977 846 1046 Similiter
890 977 1083 1066 impetravit
1120 1001 1140 1040 a
1188 977 1320 1044 domino
1337 951 1470 1088 1376'1137‘

281 1097 354 1160 rege
386 1075 553 1146 licentiam
589 1079 779 1148 includendi
813 1085 975 1146 trecentas
1015 1097 1105 1146 acras
1149 1085 1245 1146 terrae
1287 1089 1320 1146 et

281 1199 374 1262 aquae
403 1181 440 1244 in
468 1183 614 1246 manerio
647 1183 686 1256 de
714 1181 906 1270 Ombresley
937 1187 971 1248 et
1002 1205 1134 1270 parcum
1169 1181 1245 1248 inde
1276 1183 1322 1248 fa-

281 1301 358 1362 cere,
393 1289 431 1348 ut
470 1283 506 1346 in
545 1285 650 1350 literis
684 1283 878 1370 patentibus
908 1285 1033 1350 domini
1067 1285 1153 1372 regis
1190 1285 1320 1370 plenius
1358 1347 1363 1352 .

280 1385 474 1452 continetur.
514 1385 696 1452 ¹Similiter
710 1467 712 1472 ,
728 1385 816 1470 apud
866 1385 1021 1452 Uffenam
1055 1389 1232 1472 aedificauit
1266 1409 1322 1452 ex-

281 1487 431 1552 teriorem
464 1493 593 1572 portam
628 1511 702 1554 cum
734 1509 862 1578 camera
889 1511 990 1574 super
1024 1513 1105 1570 eam,
1140 1497 1174 1558 et
1211 1491 1322 1556 stabu-

221 1599 222 1602 ’
251 1591 252 1594 ’
278 1589 348 1652 lum
362 1589 563 1676 contiguum
585 1589 700 1656 eidem.
768 1587 855 1664 Item
886 1591 976 1678 apud
998 1591 1032 1656 N
1034 1593 1321 1658 orth-Luttultone

278 1691 458 1758 aedificavit
475 1715 576 1758 unam
590 1691 762 1780 grangiam
777 1691 978 1760 decimalem.
1012 1695 1203 1762 AEdifioavit
1219 1697 1320 1762 etiam

232 1835 233 1838 =
278 1795 432 1880 paginam
446 1793 537 1860 illam
560 1795 716 1862 claustri2
739 1793 927 1880 contiguam
958 1795 1099 1862 ecclesias
1123 1783 1180 1862 ubi
1204 1797 1319 1874 carolae

278 1895 417 1962 flatrum
448 1897 639 1976 consistunt,
664 1897 802 1964 tamin
831 1897 934 1964 muris
959 1903 993 1962 et
1024 1899 1174 1964 fenestris
1204 1899 1319 1966 vitreis

195 2079 196 2082 Ἴ
279 2007 387 2084 quam
409 2001 446 2064 in
483 2001 683 2088 pavimentis
713 2021 772 2086 pro
806 2001 894 2066 diota
926 2001 1071 2086 pagina,3
1103 2007 1136 2066 ct
1168 2023 1227 2088 pro
1253 2003 1318 2066 alia

210 2105 211 2108 ’
276 2125 387 2186 versus
409 2101 569 2168 hostriam.
602 2103 666 2182 sibi
689 2123 825 2168 annexa.
872 2103 942 2196 Iste
965 2103 1065 2168 etiam
1080 2103 1181 2170 abbas
1197 2105 1318 2176 ditavit

276 2205 439 2270 ecclesiam
480 2205 565 2270 hano
608 2227 682 2272 oum
716 2203 918 2270 ornamentis
956 2205 1158 2292 subscriptis,
1194 2207 1318 2274 scilicet

275 2327 348 2372 cum
382 2329 448 2372 uno
479 2307 617 2372 baculo4
645 2305 804 2392 pastorali
834 2305 987 2392 pretioso
1018 2329 1085 2378 una
1115 2329 1207 2372 cruce
1243 2329 1314 2394 prom

275 2409 441 2484 cessionali
464 2431 537 2474 oum
559 2411 674 2476 bacile
696 2409 852 2496 portabili
873 2431 932 2494 pro
956 2409 1068 2474 eadem
1091 2415 1125 2476 et
1140 2411 1179 2474 de
1199 2411 1315 2476 eodem

273 2511 414 2588 metallo,
446 2515 480 2578 et
514 2511 639 2578 duobus
669 2509 847 2576 thuribulis
878 2511 1041 2596 argenteis
1073 2517 1107 2576 et
1142 2513 1314 2594 deauratis,

276 2615 329 2698 (de
368 2615 486 2700 quibus
523 2635 627 2680 unum
665 2615 787 2700 majus·
809 2617 843 2678 et
879 2613 970 2676 aliud
1001 2613 1110 2678 minus
1141 2607 1314 2698 manuale),

273 2717 399 2782 duabus
430 2717 588 2796 naviculis
611 2715 774 2802 argenteis
805 2719 838 2780 et
860 2715 1026 2780 deauratis
1048 2735 1121 2780 oum
1145 2717 1315 2780 cochleari

272 2819 333 2884 bus
355 2843 414 2906 pro
440 2819 561 2884 eisdem
584 2819 624 2884 dc
647 2819 759 2898 eodem
791 2817 930 2894 metallo,
962 2821 995 2882 et
1017 2837 1083 2880 uno
1112 2817 1184 2902 pari
1205 2819 1314 2902 pelve-

272 2943 364 3002 orum
398 2927 626 3008 argenteorum
653 2921 696 2986 ad
717 2907 1059 2986 lavandum⁵ooram
1083 2919 1190 2984 altari.
1210 2921 1313 2986 ,Item

272 3023 446 3110 acquisivit
459 3027 519 3110 pro
542 3047 600 3088 sua
629 3021 763 3108 capella
774 3011 906 3108 propria
928 3021 995 3084 duo
1015 3023 1108 3106 paria
1129 3021 1312 3106 phialarum

271 3133 499 3214 argentearum
537 3131 572 3192 et
605 3125 846 3210 deauratarum,
870 3127 905 3188 et
935 3123 1000 3188 duo
1038 3125 1234 3190 candelabra
1271 3125 1312 3190 de
1371 3165 1376 3188 ,

272 3229 384 3294 eodem
414 3229 555 3306 metallo,
587 3233 621 3294 et
640 3245 641 3248 ’
659 3249 764 3292 unum
794 3247 852 3290 vas
883 3229 1075 3310 argenteum
1107 3229 1142 3294 et
1175 3227 1311 3292 deaura
1439 3313 1440 3316 Ἴ

269 3335 348 3410 tum,
371 3345 430 3416 pro
446 3315 743 3414 saleimponendO,6
766 3331 800 3392 et
823 3349 925 3390 unum
948 3325 1119 3410 aquarium
1140 3325 1199 3412 pro
1225 3351 1311 3414 aqua
1417 3351 1418 3354 ¹

269 3431 441 3498 benedicta
462 3455 536 3498 cum
566 3431 745 3518 aspersorio
779 3429 829 3500 de¹
844 3431 989 3514 argento,
1025 3431 1059 3492 et
1091 3451 1194 3494 unum
1222 3430 1311 3518 pacis
1418 3511 1419 3516 ἵ

269 3535 501 3602 osculatorium
515 3539 707 3620 argenteum
723 3533 919 3596 deauratum
934 3535 969 3610 et
984 3531 1225 3614 enamellatum‚
1236 3555 1310 3598 cum
1367 3521 1369 3524 ⁵

268 3659 335 3702 una
364 3637 564 3724 campanella
593 3641 749 3722 argentea
782 3635 817 3698 et
839 3633 1005 3698 deaurata.
1049 3635 1237 3720 Aequisivit
1259 3635 1311 3700 in-

229 3823 230 3826 *
268 3763 364 3826 super
389 3741 465 3804 huic
491 3737 639 3818 eccleciae,
662 3757 773 3812 unum„
795 3757 855 3820 par
871 3737 1142 3802 vestimentorum
1165 3737 1205 3802 de
1235 3737 1309 3804 albo

301 3963 763 4036 ¹Paedeannoaonncw.111.
804 3995 805 4000 =
843 3961 934 4012 ’dictu
941 3963 1049 4028 popina]
1064 3963 1130 4014 dicto
1146 3979 1211 4028 pano
1238 3965 1307 4030 (sir).

266 4049 369 4112 “Quod
389 4049 464 4114 abbas
486 4051 516 4098 de
538 4039 664 4098 Evesh'am
686 4043 765 4108 possit
807 4041 872 4094 Ibid.
1235 4103 1237 4108 ,

266 4131 282 4156 “
293 4127 431 4192 imparcare
442 4127 546 4176 boscum
560 4141 633 4176 suum
647 4127 678 4174 de
695 4123 782 4190 Lyn-¹
815 4141 816 4144 ¹
840 4123 851 4154 ⁴
868 4121 923 4172 The
946 4121 1016 4172 word
1044 4119 1133 4170 annulo
1154 4121 1176 4170 is
1198 4121 1307 4180 inserted

212 4231 213 4236 =
266 4207 361 4256 “holte
388 4205 456 4256 infla
480 4205 616 4256 manerium
638 4217 711 4254 suum
733 4203 763 4250 de
807 4201 892 4250 before
910 4199 1001 4260 ioculo,
1022 4201 1068 4250 but
1083 4199 1105 4248 is
1121 4201 1223 4250 marked
1242 4199 1305 4250 with

265 4287 435 4350 “Ambresey
471 4283 499 4332 in
533 4299 597 4334 com.
626 4279 761 4346 Wigorn.'’
807 4295 823 4328 a
839 4279 896 4344 sign
916 4279 946 4328 of
959 4293 1066 4330 erasure.

265 4365 442 4418 calendarium
459 4363 598 4414 rotulorum
617 4359 762 4426 patentium,
841 4355 902 4406 ³ad
926 4355 1070 4422 lavandum]
1102 4373 1151 4428 pro
1175 4357 1303 4410 lavatorio.

264 4445 307 4496 fol.
322 4451 393 4504 1802,
404 4461 436 4508 p.¹
445 4447 498 4492 192.
662 4491 663 4494 ,
806 4435 880 4486 Harl.

298 4525 309 4554 ¹
320 4541 391 4588 pap.
408 4559 415 4572 .
434 4559 440 4572 .
457 4521 571 4586 claustri]
584 4531 762 4582 campanam
839 4517 930 4564 ‘aas
948 4553 955 4568 .
972 4513 1145 4580 ‚imponendo]
1159 4515 1297 4592 sceloppro

203 4667 206 4672 ,
264 4601 374 4652 claustri.
406 4601 477 4650 Harl
491 4603 563 4652 3763.
807 4595 866 4646 sale.
900 4595 966 4646 lbid.
