3300 5666
480 845 680 900 canonicor
697 849 854 898 snanrrm
870 851 917 898 nn
940 847 1108 902 nvnsnnn.
1255 829 1317 898 149

267 1109 317 1174 Dc
339 1107 490 1198 advectu
505 1107 634 1174 obtutis
656 1109 699 1174 iu
721 1109 899 1194 Ampliom,
924 1115 954 1174 ct
976 1109 1122 1194 qualitor
1146 1109 1327 1196 opiscopus,

358 1233 437 1276 cum
459 1211 809 1288 accommodassent,
825 1217 854 1276 ot
870 1209 1016 1296 qualitor
1039 1219 1221 1278 convontus
1235 1211 1322 1296 fine-¹

358 1313 435 1378 liter
458 1315 649 1380 secundum
683 1313 774 1400 quod
803 1313 909 1396 patos
928 1313 1161 1400 promiserunt
1184 1325 1263 1382 cunt
1285 1335 1319 1380 co

357 1415 516 1482 steterint.

235 1591 236 1594 ¹
312 1565 456 1630 Tandem
486 1565 581 1630 venit
611 1563 648 1628 in
682 1563 837 1652 Angliam
869 1569 902 1630 et
932 1565 1033 1630 abbas
1067 1565 1225 1644 similiter,
1259 1565 1397 1634 sedan.
1415 1591 1484 1636 1205.

266 1691 333 1730 000
356 1673 426 1732 tam
450 1667 522 1732 cito.
572 1667 643 1746 Quo
668 1689 770 1750 quum
803 1667 940 1746 veniret,
978 1673 1012 1730 et
1046 1667 1215 1758 episcopus
1244 1667 1315 1752 jam
1329 1661 1473 1776 dibbdot

266 1769 391 1856 pridem
415 1769 451 1832 in
473 1769 624 1834 absentia
645 1791 705 1832 sna
728 1767 865 1856 adeptus
896 1773 981 1834 esset
1003 1769 1236 1854 possessionem
1262 1769 1424 1856 jin-ama
1439 1745 1464 1778 e·

248 1871 467 1956 risdiotionis
501 1871 700 1952 monasterii,
725 1873 855 1958 scripsit
892 1871 921 1934 ei
961 1869 1131 1956 episcopus
1165 1877 1204 1936 ut
1242 1895 1316 1934 cum
1329 1855 1476 1970 &gfff

265 1973 422 2060 reciperet
455 1997 527 2040 cum
563 1973 726 2040 fratribus.
781 1973 894 2038 Abbas
930 1993 1015 2050 ver0,
1050 1971 1167 2036 clausis
1196 1971 1315 2058 januis,
1328 1985 1475 2064 nioaudhy

265 2075 449 2164 episcopum
473 2077 610 2144 exclusit
634 2081 765 2142 etcum
800 2073 974 2142 admittere
1005 2075 1125 2156 renuit,
1150 2075 1316 2160 appellans
1328 2051 1478 2168 ssffobffi’

228 2205 229 2208 ¹
263 2181 460 2246 auctoritate
494 2201 591 2246 novae
623 2179 840 2266 indulgentiae
873 2183 1002 2244 nostrae.
1050 2177 1115 2242 Sed
1150 2177 1316 2264 episcopus
1328 2185 1402 2234 while
1414 2185 1471 2246 had,

263 2305 331 2346 non
348 2283 494 2348 deferens
518 2281 732 2368 appellationi
747 2305 822 2348 eum
839 2281 1146 2362 excommunicavit,
1165 2285 1198 2344 et
1214 2303 1314 2366 quum
1323 2249 1442 2376 {md

263 2385 376 2448 nullus
405 2385 440 2448 in
475 2385 624 2470 partibus
657 2385 729 2448 istis
764 2405 861 2448 ausus
896 2387 981 2448 esset
1012 2383 1044 2448 ei
1077 2381 1318 2448 communicare
1327 2381 1475 2462 tainefrpre-

263 2487 393 2550 secessit
405 2485 414 2522 ²
455 2477 609 2564 bennam,
629 2491 661 2552 et
676 2485 724 2550 ibi
739 2485 930 2550 morabatur
944 2507 1002 2570 per
1016 2487 1158 2550 multum
1173 2487 1310 2570 tempus.
1324 2455 1484 2564 {ffiffiier

204 2633 206 2638 -
265 2587 403 2652 Interim
427 2585 594 2672 episcopus
611 2587 743 2652 accessit
759 2589 801 2652 ad
817 2587 984 2652 abbatiam
1000 2591 1033 2652 00
1049 2585 1211 2652 admissus
1226 2591 1276 2650 est
1292 2609 1311 2650 a
1325 2579 1367 2630 the
1379 2581 1467 2648 ahbey.

263 2689 427 2766 fratribus,
454 2693 487 2752 et
512 2689 619 2754 voluit
641 2689 745 2754 facere
769 2687 969 2774 singularem
1003 2689 1248 2776 inquisitionem
1273 2689 1312 2754 de

263 2809 401 2876 persona
422 2789 561 2868 abbatis,
586 2797 618 2856 et
642 2813 742 2876 quum
776 2789 894 2854 fratres
926 2813 993 2854 non
1015 2791 1219 2876 immemores
1243 2811 1315 2876 pro·
1342 2855 1343 2858 ,

266 2891 429 2958 missionis
452 2915 519 2960 suaa
541 2893 602 2960 hoc
635 2897 811 2958 renuerent
848 2899 882 2958 00
917 2893 1085 2980 episcopus
1109 2917 1162 2960 eos
1185 2897 1317 2982 propter

263 2995 323 3062 hoc
346 2995 445 3060 uellet
470 2995 757 3074 excommunicare,
773 2995 926 3060 monachi
942 2995 1149 3082 projecerunt
1173 2997 1314 3062 cucullas
1386 3017 1387 3020 ’

263 3119 337 3160 0000
360 3097 403 3162 ad
425 3097 524 3182 pedes
547 3097 695 3184 episcopi,
719 3103 753 3162 00
776 3097 935 3162 dixerunt
970 3099 1056 3182 quod
1086 3101 1273 3164 recederent
1296 3123 1316 3164 a

266 3199 360 3262 domo
377 3197 443 3264 ista
465 3199 566 3264 donec
582 3221 680 3264 eausa
694 3197 883 3284 principalis
899 3197 999 3264 finem
1016 3201 1187 3266 sortiretur
1209 3199 1316 3288 legiti-

264 3323 361 3366 mum.
425 3299 604 3388 Episcopus
643 3323 720 3366 vero
758 3301 883 3386 pietate
921 3305 1030 3366 motus
1068 3303 1314 3386 inquisitionem

261 3403 399 3482 distulit,
423 3407 457 3468 00
480 3403 526 3468 010
548 3403 649 3468 abbas
671 3407 752 3468 tunc
775 3425 833 3490 per
857 3407 1056 3468 conventum
1071 3405 1176 3470 evasit
1199 3427 1314 3470 manus

262 3505 411 3594 episcopi.

256 3795 305 3862 Do
330 3797 426 3862 tortio
455 3793 608 3860 adventa
633 3795 768 3860 Thomna
792 3791 953 3862 monachi
977 3797 1006 3860 ct
1033 3791 1312 3864 aduersariorum

347 3899 420 3986 ejus
442 3899 489 3966 ud
511 3899 651 3966 curium
674 3905 705 3966 ct
728 3899 893 3966 r¹olutiooo
908 3897 1083 3984 judicum,
1109 3905 1138 3964 ot
1162 3899 1312 3986 qualitor

346 4003 466 4088 primo
488 4023 602 4068 corum
626 4001 767 4068 donnino
785 4023 884 4088 popu
906 4009 1183 4086 comparuerunt.

302 4151 373 4238 Ego
404 4175 491 4234 vero,
522 4147 657 4218 interim
689 4153 729 4220 de
755 4175 852 4220 causa
882 4157 997 4218 nostra
1023 4151 1106 4216 beno
1130 4151 1311 4218 instructus
1324 4169 1415 4218 Marte*

260 4255 417 4334 Boloniae,
440 4259 516 4340 post
539 4257 661 4320 festum
692 4251 798 4322 sancti
822 4241 991 4322 Michaelis
1021 4255 1137 4320 recessi
1161 4253 1309 4332 Romam,
1321 4237 1397 4350 ξιξζξξ
1404 4249 1449 4348 {⁰²

258 4363 292 4422 00
321 4357 357 4420 10
396 4357 564 4444 praedictis
595 4357 719 4422 octabis
750 4357 857 4422 sancti
887 4355 1026 4422 Martini
1056 4357 1150 4432 venit
1185 4355 1228 4418 ad
1258 4375 1308 4418 me
1321 4365 1440 4416 Romen

257 4459 372 4526 relatio
387 4481 446 4546 per
461 4481 501 4546 pr
509 4457 666 4524 aedictum
682 4455 835 4524 clericum
851 4457 990 4538 abbatis,
1007 4457 1062 4524 sed
1079 4463 1113 4526 00
1130 4457 1306 4524 adversar''
1322 4433 1438 4486 October.

633 4761 640 4790 ¹
652 4761 763 4828 secessit]
776 4761 887 4826 recessit,
899 4763 954 4814 MS.
