<?xml version="1.0" encoding="UTF-8"?>
<!DOCTYPE html PUBLIC "-//W3C//DTD XHTML 1.0 Transitional//EN"
    "http://www.w3.org/TR/xhtml1/DTD/xhtml1-transitional.dtd">
<html xmlns="http://www.w3.org/1999/xhtml" xml:lang="en" lang="en">
 <head>
  <title>
</title>
<meta http-equiv="Content-Type" content="text/html;charset=utf-8" />
  <meta name='ocr-system' content='tesseract 3.04.00' />
  <meta name='ocr-capabilities' content='ocr_page ocr_carea ocr_par ocr_line ocrx_word'/>
</head>
<body>
  <div class='ocr_page' id='page_1' title='image "./chroniconabbati01marlgoog/chroniconabbati01marlgoog_0112.png"; bbox 0 0 3300 5666; ppageno 0'>
   <div class='ocr_carea' id='block_1_1' title="bbox 330 805 1177 890">
    <p class='ocr_par' dir='ltr' id='par_1_1' title="bbox 330 805 1177 890">
     <span class='ocr_line' id='line_1_1' title="bbox 330 805 1177 890; baseline 0.009 -8"><span class='ocrx_word' id='word_1_1' title='bbox 330 805 383 884; x_wconf 65' lang='lat'>‘54</span> <span class='ocrx_word' id='word_1_2' title='bbox 533 839 733 890; x_wconf 76' lang='lat' dir='ltr'>conculcor</span> <span class='ocrx_word' id='word_1_3' title='bbox 756 841 915 890; x_wconf 67' lang='lat' dir='ltr'>iscurra</span> <span class='ocrx_word' id='word_1_4' title='bbox 938 845 984 890; x_wconf 86' lang='lat' dir='ltr'>nn</span> <span class='ocrx_word' id='word_1_5' title='bbox 1007 841 1177 890; x_wconf 80' lang='lat' dir='ltr'>rvnsnau.</span> 
     </span>
    </p>
   </div>
   <div class='ocr_carea' id='block_1_2' title="bbox 341 995 1383 1110">
    <p class='ocr_par' dir='ltr' id='par_1_2' title="bbox 341 995 1383 1110">
     <span class='ocr_line' id='line_1_2' title="bbox 341 995 1383 1110; baseline 0.002 -24"><span class='ocrx_word' id='word_1_6' title='bbox 341 1023 452 1088; x_wconf 87' lang='lat' dir='ltr'>nullus</span> <span class='ocrx_word' id='word_1_7' title='bbox 482 1025 651 1090; x_wconf 90' lang='lat' dir='ltr'>hominum</span> <span class='ocrx_word' id='word_1_8' title='bbox 673 1031 747 1108; x_wconf 87' lang='lat' dir='ltr'>post</span> <span class='ocrx_word' id='word_1_9' title='bbox 766 995 985 1090; x_wconf 9' lang='lat' dir='ltr'>&amp;decantatum</span> <span class='ocrx_word' id='word_1_10' title='bbox 1017 1025 1262 1110; x_wconf 89' lang='lat' dir='ltr'>completorium</span> <span class='ocrx_word' id='word_1_11' title='bbox 1286 1023 1383 1088; x_wconf 90' lang='lat' dir='ltr'>eccle·</span> 
     </span>
    </p>
   </div>
   <div class='ocr_carea' id='block_1_3' title="bbox 257 1125 1489 4778">
    <p class='ocr_par' dir='ltr' id='par_1_3' title="bbox 326 1125 1469 1618">
     <span class='ocr_line' id='line_1_3' title="bbox 342 1125 1426 1210; baseline 0 -22"><span class='ocrx_word' id='word_1_12' title='bbox 342 1127 399 1190; x_wconf 78' lang='lat' dir='ltr'>sire</span> <span class='ocrx_word' id='word_1_13' title='bbox 428 1127 564 1190; x_wconf 85' lang='lat' dir='ltr'>auderet</span> <span class='ocrx_word' id='word_1_14' title='bbox 596 1147 771 1204; x_wconf 88' lang='lat' dir='ltr'>remanere,</span> <span class='ocrx_word' id='word_1_15' title='bbox 803 1125 933 1190; x_wconf 91' lang='lat' dir='ltr'>studuit</span> <span class='ocrx_word' id='word_1_16' title='bbox 962 1127 1104 1210; x_wconf 88' lang='lat' dir='ltr'>seipsum</span> <span class='ocrx_word' id='word_1_17' title='bbox 1136 1127 1252 1192; x_wconf 87' lang='lat' dir='ltr'>subtus</span> <span class='ocrx_word' id='word_1_18' title='bbox 1283 1125 1386 1208; x_wconf 90' lang='lat' dir='ltr'>quod·</span> <span class='ocrx_word' id='word_1_19' title='bbox 1425 1193 1426 1196; x_wconf 48' lang='lat'>,</span> 
     </span>
     <span class='ocr_line' id='line_1_4' title="bbox 343 1219 1385 1312; baseline -0.002 -20"><span class='ocrx_word' id='word_1_20' title='bbox 343 1229 418 1292; x_wconf 89' lang='lat' dir='ltr'>dam</span> <span class='ocrx_word' id='word_1_21' title='bbox 441 1229 545 1292; x_wconf 87' lang='lat' dir='ltr'>altare</span> <span class='ocrx_word' id='word_1_22' title='bbox 567 1219 711 1292; x_wconf 87' lang='lat' dir='ltr'>clanculo</span> <span class='ocrx_word' id='word_1_23' title='bbox 746 1227 888 1308; x_wconf 73' lang='lat' dir='ltr'>occulere</span> <span class='ocrx_word' id='word_1_24' title='bbox 924 1225 1033 1304; x_wconf 86' lang='lat' dir='ltr'>doriec,</span> <span class='ocrx_word' id='word_1_25' title='bbox 1056 1226 1181 1294; x_wconf 91' lang='lat' dir='ltr'>cunctis</span> <span class='ocrx_word' id='word_1_26' title='bbox 1212 1247 1270 1312; x_wconf 92' lang='lat' dir='ltr'>pro</span> <span class='ocrx_word' id='word_1_27' title='bbox 1296 1249 1385 1292; x_wconf 92' lang='lat' dir='ltr'>more</span> 
     </span>
     <span class='ocr_line' id='line_1_5' title="bbox 326 1327 1387 1412; baseline -0.002 -18"><span class='ocrx_word' id='word_1_28' title='bbox 326 1331 591 1402; x_wconf 89' lang='lat' dir='ltr'>discedentibus,</span> <span class='ocrx_word' id='word_1_29' title='bbox 616 1329 685 1412; x_wconf 88' lang='lat' dir='ltr'>ejus</span> <span class='ocrx_word' id='word_1_30' title='bbox 708 1329 755 1392; x_wconf 93' lang='lat' dir='ltr'>rei</span> <span class='ocrx_word' id='word_1_31' title='bbox 778 1349 907 1392; x_wconf 90' lang='lat' dir='ltr'>causam</span> <span class='ocrx_word' id='word_1_32' title='bbox 931 1327 1038 1412; x_wconf 91' lang='lat' dir='ltr'>quiret</span> <span class='ocrx_word' id='word_1_33' title='bbox 1066 1329 1240 1412; x_wconf 81' lang='lat' dir='ltr'>explorare.</span> <span class='ocrx_word' id='word_1_34' title='bbox 1299 1329 1387 1406; x_wconf 80' lang='lat' dir='ltr'>Quid</span> 
     </span>
     <span class='ocr_line' id='line_1_6' title="bbox 343 1429 1469 1518; baseline -0.002 -22"><span class='ocrx_word' id='word_1_35' title='bbox 343 1433 507 1518; x_wconf 70' lang='lat' dir='ltr'>amplius?</span> <span class='ocrx_word' id='word_1_36' title='bbox 550 1429 592 1492; x_wconf 89' lang='lat' dir='ltr'>In</span> <span class='ocrx_word' id='word_1_37' title='bbox 615 1429 789 1494; x_wconf 89' lang='lat' dir='ltr'>conticinio</span> <span class='ocrx_word' id='word_1_38' title='bbox 812 1429 925 1508; x_wconf 91' lang='lat' dir='ltr'>noctis,</span> <span class='ocrx_word' id='word_1_39' title='bbox 950 1451 1051 1514; x_wconf 91' lang='lat' dir='ltr'>quum</span> <span class='ocrx_word' id='word_1_40' title='bbox 1075 1431 1162 1496; x_wconf 85' lang='lat' dir='ltr'>solus</span> <span class='ocrx_word' id='word_1_41' title='bbox 1181 1433 1315 1506; x_wconf 61' lang='lat' dir='ltr'>,vascam</span> <span class='ocrx_word' id='word_1_42' title='bbox 1338 1451 1387 1494; x_wconf 92' lang='lat' dir='ltr'>ec·</span> <span class='ocrx_word' id='word_1_43' title='bbox 1467 1503 1469 1508; x_wconf 47' lang='grc'>,</span> 
     </span>
     <span class='ocr_line' id='line_1_7' title="bbox 344 1521 1389 1618; baseline 0 -20"><span class='ocrx_word' id='word_1_44' title='bbox 344 1533 472 1598; x_wconf 81' lang='lat' dir='ltr'>alesiam</span> <span class='ocrx_word' id='word_1_45' title='bbox 504 1531 709 1616; x_wconf 78' lang='lat' dir='ltr'>vagabundis</span> <span class='ocrx_word' id='word_1_46' title='bbox 740 1533 841 1598; x_wconf 88' lang='lat' dir='ltr'>oculis</span> <span class='ocrx_word' id='word_1_47' title='bbox 879 1533 1125 1618; x_wconf 73' lang='lat' dir='ltr'>perambularet,</span> <span class='ocrx_word' id='word_1_48' title='bbox 1160 1521 1269 1600; x_wconf 88' lang='lat' dir='ltr'>subito</span> <span class='ocrx_word' id='word_1_49' title='bbox 1296 1533 1389 1598; x_wconf 84' lang='lat' dir='ltr'>videt</span> 
     </span>
    </p>

    <p class='ocr_par' dir='ltr' id='par_1_4' title="bbox 315 1633 1396 2640">
     <span class='ocr_line' id='line_1_8' title="bbox 315 1633 1388 1722; baseline 0.001 -24"><span class='ocrx_word' id='word_1_50' title='bbox 315 1671 318 1676; x_wconf 79' lang='grc'><strong><em>·</em></strong></span> <span class='ocrx_word' id='word_1_51' title='bbox 346 1633 486 1700; x_wconf 82' lang='lat' dir='ltr'>ecclesiae</span> <span class='ocrx_word' id='word_1_52' title='bbox 508 1635 624 1698; x_wconf 89' lang='lat' dir='ltr'>limina</span> <span class='ocrx_word' id='word_1_53' title='bbox 646 1633 820 1718; x_wconf 87' lang='lat' dir='ltr'>patefacta,</span> <span class='ocrx_word' id='word_1_54' title='bbox 842 1637 1088 1720; x_wconf 70' lang='lat' dir='ltr'>intrantemque</span> <span class='ocrx_word' id='word_1_55' title='bbox 1110 1633 1293 1698; x_wconf 90' lang='lat' dir='ltr'>mirabilem</span> <span class='ocrx_word' id='word_1_56' title='bbox 1316 1657 1388 1722; x_wconf 90' lang='lat' dir='ltr'>pro-</span> 
     </span>
     <span class='ocr_line' id='line_1_9' title="bbox 347 1735 1389 1826; baseline 0 -26"><span class='ocrx_word' id='word_1_57' title='bbox 347 1735 528 1814; x_wconf 71' lang='lat' dir='ltr'>cessionem,</span> <span class='ocrx_word' id='word_1_58' title='bbox 564 1743 713 1802; x_wconf 91' lang='lat' dir='ltr'>sanctum</span> <span class='ocrx_word' id='word_1_59' title='bbox 735 1757 812 1820; x_wconf 84' lang='lat' dir='ltr'>vero</span> <span class='ocrx_word' id='word_1_60' title='bbox 837 1737 1019 1826; x_wconf 85' lang='lat' dir='ltr'>Martinum</span> <span class='ocrx_word' id='word_1_61' title='bbox 1049 1741 1179 1820; x_wconf 89' lang='lat' dir='ltr'>portam</span> <span class='ocrx_word' id='word_1_62' title='bbox 1205 1737 1321 1802; x_wconf 87' lang='lat' dir='ltr'>salutis</span> <span class='ocrx_word' id='word_1_63' title='bbox 1347 1743 1389 1816; x_wconf 87' lang='lat' dir='ltr'>et,</span> 
     </span>
     <span class='ocr_line' id='line_1_10' title="bbox 344 1837 1391 1922; baseline 0.002 -22"><span class='ocrx_word' id='word_1_64' title='bbox 344 1845 420 1922; x_wconf 52' lang='lat' dir='ltr'>‘post</span> <span class='ocrx_word' id='word_1_65' title='bbox 442 1837 558 1922; x_wconf 88' lang='lat' dir='ltr'>Deum,</span> <span class='ocrx_word' id='word_1_66' title='bbox 583 1839 722 1922; x_wconf 82' lang='lat' dir='ltr'>primam</span> <span class='ocrx_word' id='word_1_67' title='bbox 744 1859 835 1922; x_wconf 92' lang='lat' dir='ltr'>spem</span> <span class='ocrx_word' id='word_1_68' title='bbox 860 1839 1125 1904; x_wconf 79' lang='lat' dir='ltr'>Christianorum</span> <span class='ocrx_word' id='word_1_69' title='bbox 1151 1841 1296 1918; x_wconf 87' lang='lat' dir='ltr'>sanctam</span> <span class='ocrx_word' id='word_1_70' title='bbox 1320 1839 1391 1902; x_wconf 86' lang='lat' dir='ltr'>Ma-</span> 
     </span>
     <span class='ocr_line' id='line_1_11' title="bbox 347 1937 1392 2028; baseline -0.002 -24"><span class='ocrx_word' id='word_1_71' title='bbox 347 1939 430 2012; x_wconf 91' lang='lat' dir='ltr'>riam</span> <span class='ocrx_word' id='word_1_72' title='bbox 461 1941 635 2006; x_wconf 88' lang='lat' dir='ltr'>honorifice</span> <span class='ocrx_word' id='word_1_73' title='bbox 681 1940 812 2024; x_wconf 80' lang='lat' dir='ltr'>dextra</span> <span class='ocrx_word' id='word_1_74' title='bbox 838 1941 1021 2006; x_wconf 87' lang='lat' dir='ltr'>ducentem.</span> <span class='ocrx_word' id='word_1_75' title='bbox 1085 1937 1176 2028; x_wconf 77' lang='lat' dir='ltr'>Quae,</span> <span class='ocrx_word' id='word_1_76' title='bbox 1215 1961 1317 2024; x_wconf 90' lang='lat' dir='ltr'>quum</span> <span class='ocrx_word' id='word_1_77' title='bbox 1355 1939 1392 2002; x_wconf 90' lang='lat' dir='ltr'>in</span> 
     </span>
     <span class='ocr_line' id='line_1_12' title="bbox 347 2033 1391 2128; baseline 0.001 -24"><span class='ocrx_word' id='word_1_78' title='bbox 347 2033 454 2108; x_wconf 92' lang='lat' dir='ltr'>medio</span> <span class='ocrx_word' id='word_1_79' title='bbox 485 2043 624 2108; x_wconf 84' lang='lat' dir='ltr'>ecclesiae</span> <span class='ocrx_word' id='word_1_80' title='bbox 655 2041 873 2120; x_wconf 87' lang='lat' dir='ltr'>constitisset,</span> <span class='ocrx_word' id='word_1_81' title='bbox 895 2041 1019 2128; x_wconf 87' lang='lat' dir='ltr'>incepit</span> <span class='ocrx_word' id='word_1_82' title='bbox 1054 2041 1138 2106; x_wconf 86' lang='lat' dir='ltr'>hano</span> <span class='ocrx_word' id='word_1_83' title='bbox 1169 2041 1391 2128; x_wconf 86' lang='lat' dir='ltr'>antiphonam,</span> 
     </span>
     <span class='ocr_line' id='line_1_13' title="bbox 350 2133 1393 2228; baseline 0.002 -22"><span class='ocrx_word' id='word_1_84' title='bbox 350 2151 366 2180; x_wconf 84' lang='lat'>“</span> <span class='ocrx_word' id='word_1_85' title='bbox 389 2143 466 2210; x_wconf 89' lang='lat' dir='ltr'>Non</span> <span class='ocrx_word' id='word_1_86' title='bbox 486 2145 558 2208; x_wconf 80' lang='lat' dir='ltr'>vidi</span> <span class='ocrx_word' id='word_1_87' title='bbox 576 2145 703 2228; x_wconf 87' lang='lat' dir='ltr'>justum</span> <span class='ocrx_word' id='word_1_88' title='bbox 727 2133 917 2208; x_wconf 86' lang='lat' dir='ltr'>derelictum</span> <span class='ocrx_word' id='word_1_89' title='bbox 938 2163 998 2208; x_wconf 90' lang='lat' dir='ltr'>nec</span> <span class='ocrx_word' id='word_1_90' title='bbox 1021 2165 1131 2208; x_wconf 85' lang='lat' dir='ltr'>semen</span> <span class='ocrx_word' id='word_1_91' title='bbox 1153 2141 1224 2226; x_wconf 57' lang='lat' dir='ltr'>&#39;ejus</span> <span class='ocrx_word' id='word_1_92' title='bbox 1245 2163 1393 2228; x_wconf 84' lang='lat' dir='ltr'>quaerens</span> 
     </span>
     <span class='ocr_line' id='line_1_14' title="bbox 350 2243 1393 2330; baseline 0.002 -22"><span class='ocrx_word' id='word_1_93' title='bbox 350 2249 366 2278; x_wconf 88' lang='lat'><strong>“</strong></span> <span class='ocrx_word' id='word_1_94' title='bbox 390 2243 532 2330; x_wconf 86' lang='lat' dir='ltr'>panem‚&#39;&#39;</span> <span class='ocrx_word' id='word_1_95' title='bbox 549 2267 683 2330; x_wconf 90' lang='lat' dir='ltr'>eamque</span> <span class='ocrx_word' id='word_1_96' title='bbox 706 2245 774 2310; x_wconf 88' lang='lat' dir='ltr'>sola</span> <span class='ocrx_word' id='word_1_97' title='bbox 796 2243 879 2310; x_wconf 89' lang='lat' dir='ltr'>mira</span> <span class='ocrx_word' id='word_1_98' title='bbox 902 2267 976 2310; x_wconf 90' lang='lat' dir='ltr'>cum</span> <span class='ocrx_word' id='word_1_99' title='bbox 1000 2243 1172 2310; x_wconf 81' lang='lat' dir='ltr'>dulcedine</span> <span class='ocrx_word' id='word_1_100' title='bbox 1194 2245 1393 2310; x_wconf 92' lang='lat' dir='ltr'>modulando</span> 
     </span>
     <span class='ocr_line' id='line_1_15' title="bbox 350 2345 1395 2436; baseline 0.002 -26"><span class='ocrx_word' id='word_1_101' title='bbox 350 2347 513 2410; x_wconf 87' lang='lat' dir='ltr'>adfinem</span> <span class='ocrx_word' id='word_1_102' title='bbox 543 2367 645 2432; x_wconf 88' lang='lat' dir='ltr'>usque</span> <span class='ocrx_word' id='word_1_103' title='bbox 675 2347 837 2436; x_wconf 86' lang='lat' dir='ltr'>perduxit.</span> <span class='ocrx_word' id='word_1_104' title='bbox 899 2345 978 2412; x_wconf 90' lang='lat' dir='ltr'>Post</span> <span class='ocrx_word' id='word_1_105' title='bbox 1008 2345 1077 2414; x_wconf 84' lang='lat' dir='ltr'>haeo</span> <span class='ocrx_word' id='word_1_106' title='bbox 1108 2347 1154 2412; x_wconf 68' lang='lat' dir='ltr'>&#39;ad</span> <span class='ocrx_word' id='word_1_107' title='bbox 1187 2349 1395 2432; x_wconf 83' lang='lat' dir='ltr'>sepulchrum</span> 
     </span>
     <span class='ocr_line' id='line_1_16' title="bbox 350 2449 1395 2538; baseline 0 -24"><span class='ocrx_word' id='word_1_108' title='bbox 350 2449 455 2516; x_wconf 90' lang='lat' dir='ltr'>sancti</span> <span class='ocrx_word' id='word_1_109' title='bbox 473 2449 611 2514; x_wconf 83' lang='lat' dir='ltr'>Martini</span> <span class='ocrx_word' id='word_1_110' title='bbox 635 2471 709 2516; x_wconf 91' lang='lat' dir='ltr'>oum</span> <span class='ocrx_word' id='word_1_111' title='bbox 729 2449 934 2538; x_wconf 88' lang='lat' dir='ltr'>processione</span> <span class='ocrx_word' id='word_1_112' title='bbox 955 2449 1071 2536; x_wconf 86' lang='lat' dir='ltr'>pergit,</span> <span class='ocrx_word' id='word_1_113' title='bbox 1089 2455 1284 2536; x_wconf 86' lang='lat' dir='ltr'>peractoque</span> <span class='ocrx_word' id='word_1_114' title='bbox 1300 2471 1395 2536; x_wconf 89' lang='lat' dir='ltr'>prop-</span> 
     </span>
     <span class='ocr_line' id='line_1_17' title="bbox 349 2551 1396 2640; baseline 0 -26"><span class='ocrx_word' id='word_1_115' title='bbox 349 2557 401 2616; x_wconf 87' lang='lat' dir='ltr'>ter</span> <span class='ocrx_word' id='word_1_116' title='bbox 438 2553 525 2638; x_wconf 87' lang='lat' dir='ltr'>quod</span> <span class='ocrx_word' id='word_1_117' title='bbox 561 2555 729 2632; x_wconf 83' lang='lat' dir='ltr'>venerant,</span> <span class='ocrx_word' id='word_1_118' title='bbox 767 2553 912 2640; x_wconf 85' lang='lat' dir='ltr'>respexit</span> <span class='ocrx_word' id='word_1_119' title='bbox 950 2559 1062 2618; x_wconf 88' lang='lat' dir='ltr'>sancta</span> <span class='ocrx_word' id='word_1_120' title='bbox 1101 2551 1208 2616; x_wconf 88' lang='lat' dir='ltr'>Maria</span> <span class='ocrx_word' id='word_1_121' title='bbox 1245 2553 1396 2618; x_wconf 88' lang='lat' dir='ltr'>clericum</span> 
     </span>
    </p>

    <p class='ocr_par' dir='ltr' id='par_1_5' title="bbox 302 2653 1398 2838">
     <span class='ocr_line' id='line_1_18' title="bbox 302 2653 1398 2744; baseline 0 -26"><span class='ocrx_word' id='word_1_122' title='bbox 302 2659 303 2664; x_wconf 75' lang='grc'>’</span> <span class='ocrx_word' id='word_1_123' title='bbox 349 2655 416 2718; x_wconf 89' lang='lat' dir='ltr'>ista</span> <span class='ocrx_word' id='word_1_124' title='bbox 437 2659 633 2734; x_wconf 89' lang='lat' dir='ltr'>cernentem,</span> <span class='ocrx_word' id='word_1_125' title='bbox 657 2659 691 2720; x_wconf 96' lang='lat' dir='ltr'>et</span> <span class='ocrx_word' id='word_1_126' title='bbox 714 2655 828 2744; x_wconf 86' lang='lat' dir='ltr'>statim</span> <span class='ocrx_word' id='word_1_127' title='bbox 851 2657 893 2720; x_wconf 87' lang='lat' dir='ltr'>ad</span> <span class='ocrx_word' id='word_1_128' title='bbox 916 2659 1065 2720; x_wconf 87' lang='lat' dir='ltr'>sanctum</span> <span class='ocrx_word' id='word_1_129' title='bbox 1084 2653 1280 2738; x_wconf 85' lang='lat' dir='ltr'>Martinum</span> <span class='ocrx_word' id='word_1_130' title='bbox 1303 2655 1398 2740; x_wconf 88' lang='lat' dir='ltr'>quasi</span> 
     </span>
     <span class='ocr_line' id='line_1_19' title="bbox 351 2755 1397 2838; baseline -0.002 -16"><span class='ocrx_word' id='word_1_131' title='bbox 351 2761 514 2822; x_wconf 86' lang='lat' dir='ltr'>commota</span> <span class='ocrx_word' id='word_1_132' title='bbox 548 2757 718 2834; x_wconf 86' lang='lat' dir='ltr'>subinfert,</span> <span class='ocrx_word' id='word_1_133' title='bbox 741 2755 856 2838; x_wconf 77' lang='lat' dir='ltr'>“Quis</span> <span class='ocrx_word' id='word_1_134' title='bbox 878 2763 929 2822; x_wconf 90' lang='lat' dir='ltr'>est</span> <span class='ocrx_word' id='word_1_135' title='bbox 951 2757 1004 2824; x_wconf 90' lang='lat' dir='ltr'>hio</span> <span class='ocrx_word' id='word_1_136' title='bbox 1027 2757 1159 2822; x_wconf 88' lang='lat' dir='ltr'>clericus</span> <span class='ocrx_word' id='word_1_137' title='bbox 1182 2757 1269 2822; x_wconf 91' lang='lat' dir='ltr'>solus</span> <span class='ocrx_word' id='word_1_138' title='bbox 1299 2779 1397 2822; x_wconf 86' lang='lat' dir='ltr'>ausus</span> 
     </span>
    </p>

    <p class='ocr_par' dir='ltr' id='par_1_6' title="bbox 257 2849 1460 2932">
     <span class='ocr_line' id='line_1_20' title="bbox 257 2849 1460 2932; baseline -0.001 -10"><span class='ocrx_word' id='word_1_139' title='bbox 257 2929 258 2932; x_wconf 8' lang='grc' dir='ltr'><strong>Ἴ</strong></span> <span class='ocrx_word' id='word_1_140' title='bbox 352 2865 369 2894; x_wconf 86' lang='grc'><strong>“</strong></span> <span class='ocrx_word' id='word_1_141' title='bbox 392 2859 453 2924; x_wconf 86' lang='lat' dir='ltr'>hac</span> <span class='ocrx_word' id='word_1_142' title='bbox 476 2857 608 2924; x_wconf 89' lang='lat' dir='ltr'>ecclesia</span> <span class='ocrx_word' id='word_1_143' title='bbox 638 2861 759 2924; x_wconf 89' lang='lat' dir='ltr'>temere</span> <span class='ocrx_word' id='word_1_144' title='bbox 793 2859 1005 2924; x_wconf 73' lang='lat' dir='ltr'>remaneret&#39;’</span> <span class='ocrx_word' id='word_1_145' title='bbox 1052 2857 1116 2924; x_wconf 83' lang='lat' dir='ltr'>Oui</span> <span class='ocrx_word' id='word_1_146' title='bbox 1146 2863 1278 2924; x_wconf 87' lang='lat' dir='ltr'>sanctus</span> <span class='ocrx_word' id='word_1_147' title='bbox 1310 2849 1398 2922; x_wconf 85' lang='lat' dir='ltr'>Mar·</span> <span class='ocrx_word' id='word_1_148' title='bbox 1459 2897 1460 2900; x_wconf 60' lang='lat'><em>=</em></span> 
     </span>
    </p>

    <p class='ocr_par' dir='ltr' id='par_1_7' title="bbox 290 2959 1468 3656">
     <span class='ocr_line' id='line_1_21' title="bbox 304 2959 1399 3054; baseline -0.005 -28"><span class='ocrx_word' id='word_1_149' title='bbox 304 2981 306 2986; x_wconf 80' lang='grc'>’</span> <span class='ocrx_word' id='word_1_150' title='bbox 351 2961 443 3052; x_wconf 80' lang='lat' dir='ltr'>tinus</span> <span class='ocrx_word' id='word_1_151' title='bbox 467 2961 517 3024; x_wconf 51' lang='lat' dir='ltr'>ad¹</span> <span class='ocrx_word' id='word_1_152' title='bbox 532 2959 601 3044; x_wconf 88' lang='lat' dir='ltr'>ejus</span> <span class='ocrx_word' id='word_1_153' title='bbox 623 2981 729 3054; x_wconf 82' lang='lat' dir='ltr'>genua</span> <span class='ocrx_word' id='word_1_154' title='bbox 752 2981 784 3026; x_wconf 89' lang='lat' dir='ltr'>se</span> <span class='ocrx_word' id='word_1_155' title='bbox 807 2963 1013 3046; x_wconf 80' lang='lat' dir='ltr'>provolvens,</span> <span class='ocrx_word' id='word_1_156' title='bbox 1029 2969 1045 2996; x_wconf 88' lang='lat'><strong>“</strong></span> <span class='ocrx_word' id='word_1_157' title='bbox 1059 2961 1234 3030; x_wconf 85' lang='lat' dir='ltr'>Mitissima</span> <span class='ocrx_word' id='word_1_158' title='bbox 1257 2961 1399 3038; x_wconf 88' lang='lat' dir='ltr'>domina,</span> 
     </span>
     <span class='ocr_line' id='line_1_22' title="bbox 290 3061 1398 3150; baseline 0 -24"><span class='ocrx_word' id='word_1_159' title='bbox 290 3071 291 3076; x_wconf 77' lang='grc'>’</span> <span class='ocrx_word' id='word_1_160' title='bbox 354 3071 374 3098; x_wconf 82' lang='grc'><strong>“</strong></span> <span class='ocrx_word' id='word_1_161' title='bbox 396 3065 566 3128; x_wconf 81' lang='lat' dir='ltr'>miserere!</span> <span class='ocrx_word' id='word_1_162' title='bbox 612 3063 734 3146; x_wconf 83' lang='lat' dir='ltr'>Noster</span> <span class='ocrx_word' id='word_1_163' title='bbox 768 3067 818 3128; x_wconf 91' lang='lat' dir='ltr'>est</span> <span class='ocrx_word' id='word_1_164' title='bbox 848 3063 1002 3142; x_wconf 82' lang='lat' dir='ltr'>clericus3</span> <span class='ocrx_word' id='word_1_165' title='bbox 1029 3061 1111 3150; x_wconf 84' lang='lat' dir='ltr'>jube</span> <span class='ocrx_word' id='word_1_166' title='bbox 1145 3063 1233 3146; x_wconf 90' lang='lat' dir='ltr'>quod</span> <span class='ocrx_word' id='word_1_167' title='bbox 1268 3061 1398 3146; x_wconf 81' lang='lat' dir='ltr'>placet.&#39;&#39;</span> 
     </span>
     <span class='ocr_line' id='line_1_23' title="bbox 354 3161 1400 3250; baseline 0.002 -24"><span class='ocrx_word' id='word_1_168' title='bbox 354 3171 372 3200; x_wconf 87' lang='lat'>“</span> <span class='ocrx_word' id='word_1_169' title='bbox 395 3163 459 3228; x_wconf 86' lang='lat' dir='ltr'>Tui</span> <span class='ocrx_word' id='word_1_170' title='bbox 482 3161 607 3242; x_wconf 85' lang='lat' dir='ltr'>causa,&#39;&#39;</span> <span class='ocrx_word' id='word_1_171' title='bbox 630 3163 740 3248; x_wconf 89' lang='lat' dir='ltr'>inquit</span> <span class='ocrx_word' id='word_1_172' title='bbox 763 3163 953 3250; x_wconf 83' lang='lat' dir='ltr'>angelorum</span> <span class='ocrx_word' id='word_1_173' title='bbox 976 3163 1098 3248; x_wconf 83' lang='lat' dir='ltr'>regina,</span> <span class='ocrx_word' id='word_1_174' title='bbox 1121 3171 1138 3198; x_wconf 88' lang='lat'><strong>“</strong></span> <span class='ocrx_word' id='word_1_175' title='bbox 1152 3163 1229 3228; x_wconf 90' lang='lat' dir='ltr'>huic</span> <span class='ocrx_word' id='word_1_176' title='bbox 1250 3161 1400 3248; x_wconf 74' lang='lat' dir='ltr'>ignosce,</span> 
     </span>
     <span class='ocr_line' id='line_1_24' title="bbox 356 3263 1468 3350; baseline -0.004 -20"><span class='ocrx_word' id='word_1_177' title='bbox 356 3271 372 3302; x_wconf 90' lang='lat'><strong>“</strong></span> <span class='ocrx_word' id='word_1_178' title='bbox 396 3287 510 3330; x_wconf 84' lang='lat' dir='ltr'>verum</span> <span class='ocrx_word' id='word_1_179' title='bbox 541 3263 680 3350; x_wconf 82' lang='lat' dir='ltr'>praecipe</span> <span class='ocrx_word' id='word_1_180' title='bbox 714 3269 752 3330; x_wconf 89' lang='lat' dir='ltr'>ut</span> <span class='ocrx_word' id='word_1_181' title='bbox 787 3287 820 3330; x_wconf 91' lang='lat' dir='ltr'>se</span> <span class='ocrx_word' id='word_1_182' title='bbox 854 3269 1024 3350; x_wconf 89' lang='lat' dir='ltr'>praeparet,</span> <span class='ocrx_word' id='word_1_183' title='bbox 1048 3265 1204 3350; x_wconf 89' lang='lat' dir='ltr'>quoniam</span> <span class='ocrx_word' id='word_1_184' title='bbox 1236 3269 1310 3350; x_wconf 89' lang='lat' dir='ltr'>post</span> <span class='ocrx_word' id='word_1_185' title='bbox 1339 3263 1421 3326; x_wconf 51' lang='lat' dir='ltr'>tri-¹</span> <span class='ocrx_word' id='word_1_186' title='bbox 1457 3281 1468 3302; x_wconf 92' lang='lat'><strong>·</strong></span> 
     </span>
     <span class='ocr_line' id='line_1_25' title="bbox 357 3365 1401 3454; baseline -0.005 -21"><span class='ocrx_word' id='word_1_187' title='bbox 357 3375 375 3404; x_wconf 84' lang='lat'><strong><em>“</em></strong></span> <span class='ocrx_word' id='word_1_188' title='bbox 399 3370 500 3434; x_wconf 90' lang='lat' dir='ltr'>duum</span> <span class='ocrx_word' id='word_1_189' title='bbox 521 3367 697 3454; x_wconf 88' lang='lat' dir='ltr'>temporale</span> <span class='ocrx_word' id='word_1_190' title='bbox 721 3367 875 3434; x_wconf 82' lang='lat' dir='ltr'>saeculum</span> <span class='ocrx_word' id='word_1_191' title='bbox 897 3365 1039 3452; x_wconf 84' lang='lat' dir='ltr'>perdet.&#39;&#39;</span> <span class='ocrx_word' id='word_1_192' title='bbox 1072 3367 1183 3446; x_wconf 76' lang='lat' dir='ltr'>Quod</span> <span class='ocrx_word' id='word_1_193' title='bbox 1205 3371 1245 3430; x_wconf 93' lang='lat' dir='ltr'>ut</span> <span class='ocrx_word' id='word_1_194' title='bbox 1267 3365 1401 3446; x_wconf 81' lang='lat' dir='ltr'>dictum,</span> 
     </span>
     <span class='ocr_line' id='line_1_26' title="bbox 356 3445 1345 3550; baseline -0.002 -16"><span class='ocrx_word' id='word_1_195' title='bbox 356 3469 553 3550; x_wconf 8' lang='lat' dir='ltr'>sicotfactum.</span> <span class='ocrx_word' id='word_1_196' title='bbox 1157 3445 1160 3472; x_wconf 62' lang='lat'><strong>¹</strong></span> <span class='ocrx_word' id='word_1_197' title='bbox 1200 3477 1202 3480; x_wconf 82' lang='grc'><strong>’</strong></span> <span class='ocrx_word' id='word_1_198' title='bbox 1334 3467 1345 3484; x_wconf 83' lang='lat'><strong><em>‘</em></strong></span> 
     </span>
     <span class='ocr_line' id='line_1_27' title="bbox 403 3569 1403 3656; baseline -0.004 -20"><span class='ocrx_word' id='word_1_199' title='bbox 403 3569 513 3650; x_wconf 75' lang='lat' dir='ltr'>Quum</span> <span class='ocrx_word' id='word_1_200' title='bbox 545 3569 649 3656; x_wconf 77' lang='lat' dir='ltr'>igitur</span> <span class='ocrx_word' id='word_1_201' title='bbox 671 3569 723 3636; x_wconf 89' lang='lat' dir='ltr'>his</span> <span class='ocrx_word' id='word_1_202' title='bbox 746 3575 780 3634; x_wconf 93' lang='lat' dir='ltr'>et</span> <span class='ocrx_word' id='word_1_203' title='bbox 802 3569 874 3634; x_wconf 86' lang='lat' dir='ltr'>aliis</span> <span class='ocrx_word' id='word_1_204' title='bbox 897 3569 1145 3656; x_wconf 88' lang='lat' dir='ltr'>quamplmibus</span> <span class='ocrx_word' id='word_1_205' title='bbox 1172 3569 1331 3656; x_wconf 79' lang='lat' dir='ltr'>exemplis</span> <span class='ocrx_word' id='word_1_206' title='bbox 1352 3569 1403 3632; x_wconf 93' lang='lat' dir='ltr'>in-</span> 
     </span>
    </p>

    <p class='ocr_par' dir='ltr' id='par_1_8' title="bbox 270 3671 1489 4778">
     <span class='ocr_line' id='line_1_28' title="bbox 270 3671 1404 3758; baseline 0 -20"><span class='ocrx_word' id='word_1_207' title='bbox 270 3733 273 3746; x_wconf 76' lang='grc'><strong><em>,</em></strong></span> <span class='ocrx_word' id='word_1_208' title='bbox 357 3671 544 3758; x_wconf 84' lang='lat' dir='ltr'>telligamus</span> <span class='ocrx_word' id='word_1_209' title='bbox 566 3671 683 3738; x_wconf 80' lang='lat' dir='ltr'>Deum&#39;</span> <span class='ocrx_word' id='word_1_210' title='bbox 698 3677 731 3736; x_wconf 93' lang='lat' dir='ltr'>et</span> <span class='ocrx_word' id='word_1_211' title='bbox 755 3671 836 3758; x_wconf 84' lang='lat' dir='ltr'>Ejus</span> <span class='ocrx_word' id='word_1_212' title='bbox 858 3675 987 3736; x_wconf 87' lang='lat' dir='ltr'>sanctos</span> <span class='ocrx_word' id='word_1_213' title='bbox 1017 3671 1166 3736; x_wconf 86' lang='lat' dir='ltr'>ecclesias</span> <span class='ocrx_word' id='word_1_214' title='bbox 1188 3675 1319 3736; x_wconf 87' lang='lat' dir='ltr'>sanctas</span> <span class='ocrx_word' id='word_1_215' title='bbox 1341 3671 1404 3738; x_wconf 83' lang='lat' dir='ltr'>fre-</span> 
     </span>
     <span class='ocr_line' id='line_1_29' title="bbox 359 3771 1404 3860; baseline 0.002 -24"><span class='ocrx_word' id='word_1_216' title='bbox 359 3777 525 3860; x_wconf 84' lang='lat' dir='ltr'>quentare,</span> <span class='ocrx_word' id='word_1_217' title='bbox 549 3795 613 3858; x_wconf 89' lang='lat' dir='ltr'>qua</span> <span class='ocrx_word' id='word_1_218' title='bbox 635 3773 795 3838; x_wconf 88' lang='lat' dir='ltr'>instantia</span> <span class='ocrx_word' id='word_1_219' title='bbox 824 3771 919 3836; x_wconf 88' lang='lat' dir='ltr'>bonis</span> <span class='ocrx_word' id='word_1_220' title='bbox 950 3771 1101 3856; x_wconf 91' lang='lat' dir='ltr'>operibus</span> <span class='ocrx_word' id='word_1_221' title='bbox 1124 3777 1158 3836; x_wconf 93' lang='lat' dir='ltr'>et</span> <span class='ocrx_word' id='word_1_222' title='bbox 1181 3773 1246 3836; x_wconf 89' lang='lat' dir='ltr'>Dei</span> <span class='ocrx_word' id='word_1_223' title='bbox 1270 3773 1404 3838; x_wconf 87' lang='lat' dir='ltr'>servitio</span> 
     </span>
     <span class='ocr_line' id='line_1_30' title="bbox 359 3871 1456 3960; baseline 0 -22"><span class='ocrx_word' id='word_1_224' title='bbox 359 3875 512 3940; x_wconf 85' lang='lat' dir='ltr'>condecet</span> <span class='ocrx_word' id='word_1_225' title='bbox 544 3875 787 3958; x_wconf 85' lang='lat' dir='ltr'>Omnipoteutis</span> <span class='ocrx_word' id='word_1_226' title='bbox 816 3871 955 3938; x_wconf 87' lang='lat' dir='ltr'>famulos</span> <span class='ocrx_word' id='word_1_227' title='bbox 989 3873 1163 3954; x_wconf 82' lang='lat' dir='ltr'>insudar03</span> <span class='ocrx_word' id='word_1_228' title='bbox 1185 3895 1259 3938; x_wconf 89' lang='lat' dir='ltr'>oum</span> <span class='ocrx_word' id='word_1_229' title='bbox 1283 3881 1406 3960; x_wconf 87' lang='lat' dir='ltr'>quanta</span> <span class='ocrx_word' id='word_1_230' title='bbox 1455 3873 1456 3878; x_wconf 70' lang='grc'>’</span> 
     </span>
     <span class='ocr_line' id='line_1_31' title="bbox 359 3975 1406 4062; baseline 0.002 -24"><span class='ocrx_word' id='word_1_231' title='bbox 359 3977 543 4042; x_wconf 86' lang='lat' dir='ltr'>reverentia</span> <span class='ocrx_word' id='word_1_232' title='bbox 564 3977 660 4042; x_wconf 87' lang='lat' dir='ltr'>debet</span> <span class='ocrx_word' id='word_1_233' title='bbox 677 3977 882 4042; x_wconf 78' lang='lat' dir='ltr'>Christianus</span> <span class='ocrx_word' id='word_1_234' title='bbox 899 3975 936 4038; x_wconf 88' lang='lat' dir='ltr'>in</span> <span class='ocrx_word' id='word_1_235' title='bbox 956 3975 1051 4040; x_wconf 91' lang='lat' dir='ltr'>domo</span> <span class='ocrx_word' id='word_1_236' title='bbox 1073 3975 1238 4042; x_wconf 77' lang='lat' dir='ltr'>Creatoris</span> <span class='ocrx_word' id='word_1_237' title='bbox 1261 3977 1313 4040; x_wconf 91' lang='lat' dir='ltr'>sui</span> <span class='ocrx_word' id='word_1_238' title='bbox 1335 3997 1406 4062; x_wconf 90' lang='lat' dir='ltr'>per-</span> 
     </span>
     <span class='ocr_line' id='line_1_32' title="bbox 361 4077 1407 4166; baseline 0.001 -24"><span class='ocrx_word' id='word_1_239' title='bbox 361 4079 495 4144; x_wconf 77' lang='lat' dir='ltr'>sisteret</span> <span class='ocrx_word' id='word_1_240' title='bbox 556 4079 688 4144; x_wconf 88' lang='lat' dir='ltr'>Dilecta</span> <span class='ocrx_word' id='word_1_241' title='bbox 711 4079 834 4144; x_wconf 90' lang='lat' dir='ltr'>etenim</span> <span class='ocrx_word' id='word_1_242' title='bbox 857 4077 927 4144; x_wconf 91' lang='lat' dir='ltr'>Deo</span> <span class='ocrx_word' id='word_1_243' title='bbox 950 4077 1047 4144; x_wconf 84' lang='lat' dir='ltr'>valde</span> <span class='ocrx_word' id='word_1_244' title='bbox 1071 4083 1149 4144; x_wconf 87' lang='lat' dir='ltr'>sunt</span> <span class='ocrx_word' id='word_1_245' title='bbox 1172 4077 1244 4142; x_wconf 88' lang='lat' dir='ltr'>loca</span> <span class='ocrx_word' id='word_1_246' title='bbox 1265 4079 1308 4142; x_wconf 85' lang='lat' dir='ltr'>ad</span> <span class='ocrx_word' id='word_1_247' title='bbox 1332 4099 1407 4166; x_wconf 86' lang='lat' dir='ltr'>quae</span> 
     </span>
     <span class='ocr_line' id='line_1_33' title="bbox 361 4179 1405 4266; baseline 0 -22"><span class='ocrx_word' id='word_1_248' title='bbox 361 4181 435 4264; x_wconf 79' lang='lat' dir='ltr'>lpse</span> <span class='ocrx_word' id='word_1_249' title='bbox 474 4201 547 4246; x_wconf 90' lang='lat' dir='ltr'>oum</span> <span class='ocrx_word' id='word_1_250' title='bbox 590 4181 710 4246; x_wconf 87' lang='lat' dir='ltr'>sanctis</span> <span class='ocrx_word' id='word_1_251' title='bbox 744 4180 900 4266; x_wconf 80' lang='lat' dir='ltr'>dignatur</span> <span class='ocrx_word' id='word_1_252' title='bbox 933 4179 1050 4264; x_wconf 85' lang='lat' dir='ltr'>saepius</span> <span class='ocrx_word' id='word_1_253' title='bbox 1082 4179 1196 4244; x_wconf 86' lang='lat' dir='ltr'>venire</span> <span class='ocrx_word' id='word_1_254' title='bbox 1232 4179 1405 4246; x_wconf 85' lang='lat' dir='ltr'>visitanda.</span> 
     </span>
     <span class='ocr_line' id='line_1_34' title="bbox 361 4267 1489 4364; baseline 0 -20"><span class='ocrx_word' id='word_1_255' title='bbox 361 4283 486 4346; x_wconf 83' lang='lat' dir='ltr'>Verum</span> <span class='ocrx_word' id='word_1_256' title='bbox 509 4279 666 4364; x_wconf 85' lang='lat' dir='ltr'>quoniam</span> <span class='ocrx_word' id='word_1_257' title='bbox 690 4267 823 4364; x_wconf 90' lang='lat' dir='ltr'>tempus</span> <span class='ocrx_word' id='word_1_258' title='bbox 842 4279 1104 4364; x_wconf 70' lang='lat' dir='ltr'>expostulat&#39;ad</span> <span class='ocrx_word' id='word_1_259' title='bbox 1126 4281 1284 4344; x_wconf 86' lang='lat' dir='ltr'>miracula</span> <span class='ocrx_word' id='word_1_260' title='bbox 1304 4281 1407 4364; x_wconf 86' lang='lat' dir='ltr'>patris</span> <span class='ocrx_word' id='word_1_261' title='bbox 1488 4311 1489 4316; x_wconf 41' lang='lat'>1</span> 
     </span>
     <span class='ocr_line' id='line_1_35' title="bbox 363 4379 1407 4468; baseline 0 -20"><span class='ocrx_word' id='word_1_262' title='bbox 363 4387 396 4448; x_wconf 91' lang='lat' dir='ltr'>et</span> <span class='ocrx_word' id='word_1_263' title='bbox 419 4380 612 4468; x_wconf 85' lang='lat' dir='ltr'>protectoris</span> <span class='ocrx_word' id='word_1_264' title='bbox 638 4381 743 4446; x_wconf 88' lang='lat' dir='ltr'>nostri</span> <span class='ocrx_word' id='word_1_265' title='bbox 776 4379 926 4466; x_wconf 79' lang='lat' dir='ltr'>Eogudni</span> <span class='ocrx_word' id='word_1_266' title='bbox 959 4381 1047 4448; x_wconf 80' lang='lat' dir='ltr'>rmde</span> <span class='ocrx_word' id='word_1_267' title='bbox 1073 4381 1241 4468; x_wconf 90' lang='lat' dir='ltr'>paululum</span> <span class='ocrx_word' id='word_1_268' title='bbox 1272 4381 1407 4468; x_wconf 78' lang='lat' dir='ltr'>digressi</span> 
     </span>
     <span class='ocr_line' id='line_1_36' title="bbox 364 4483 1408 4568; baseline -0.005 -18"><span class='ocrx_word' id='word_1_269' title='bbox 364 4505 483 4562; x_wconf 87' lang='lat' dir='ltr'>sumus,</span> <span class='ocrx_word' id='word_1_270' title='bbox 510 4483 622 4550; x_wconf 87' lang='lat' dir='ltr'>stilum</span> <span class='ocrx_word' id='word_1_271' title='bbox 648 4487 825 4550; x_wconf 85' lang='lat' dir='ltr'>vertamus.</span> <span class='ocrx_word' id='word_1_272' title='bbox 869 4483 1037 4550; x_wconf 89' lang='lat' dir='ltr'>Debemus</span> <span class='ocrx_word' id='word_1_273' title='bbox 1070 4483 1158 4550; x_wconf 89' lang='lat' dir='ltr'>enim</span> <span class='ocrx_word' id='word_1_274' title='bbox 1189 4485 1285 4548; x_wconf 87' lang='lat' dir='ltr'>tanto</span> <span class='ocrx_word' id='word_1_275' title='bbox 1319 4483 1408 4568; x_wconf 91' lang='lat' dir='ltr'>operi</span> 
     </span>
     <span class='ocr_line' id='line_1_37' title="bbox 363 4585 1408 4674; baseline -0.004 -22"><span class='ocrx_word' id='word_1_276' title='bbox 363 4607 486 4652; x_wconf 88' lang='lat' dir='ltr'>morem</span> <span class='ocrx_word' id='word_1_277' title='bbox 509 4609 627 4674; x_wconf 83' lang='lat' dir='ltr'>gerere,</span> <span class='ocrx_word' id='word_1_278' title='bbox 650 4589 689 4652; x_wconf 86' lang='lat' dir='ltr'>ut</span> <span class='ocrx_word' id='word_1_279' title='bbox 712 4587 748 4652; x_wconf 90' lang='lat' dir='ltr'>in</span> <span class='ocrx_word' id='word_1_280' title='bbox 769 4585 880 4652; x_wconf 84' lang='lat' dir='ltr'>futuro</span> <span class='ocrx_word' id='word_1_281' title='bbox 902 4585 1083 4652; x_wconf 88' lang='lat' dir='ltr'>mercedem</span> <span class='ocrx_word' id='word_1_282' title='bbox 1106 4585 1288 4652; x_wconf 88' lang='lat' dir='ltr'>aDomino</span> <span class='ocrx_word' id='word_1_283' title='bbox 1310 4607 1408 4670; x_wconf 72' lang='lat' dir='ltr'>quea</span> 
     </span>
     <span class='ocr_line' id='line_1_38' title="bbox 355 4677 843 4778; baseline -0.004 -22"><span class='ocrx_word' id='word_1_284' title='bbox 355 4711 437 4756; x_wconf 51' lang='lat' dir='ltr'>¹mus</span> <span class='ocrx_word' id='word_1_285' title='bbox 458 4691 628 4778; x_wconf 86' lang='lat' dir='ltr'>percipere.</span> <span class='ocrx_word' id='word_1_286' title='bbox 842 4677 843 4680; x_wconf 23' lang='lat'>¹</span> 
     </span>
    </p>
   </div>
   <div class='ocr_carea' id='block_1_4' title="bbox 0 0 1686 5666">
    <p class='ocr_par' dir='ltr' id='par_1_9' title="bbox 0 0 1686 5666">
     <span class='ocr_line' id='line_1_39' title="bbox 0 0 1686 5666; baseline 0 0"><span class='ocrx_word' id='word_1_287' title='bbox 0 0 1686 5666; x_wconf 95' lang='lat' dir='ltr'> </span> 
     </span>
    </p>
   </div>
  </div>
 </body>
</html>
