3300 5666
455 753 654 804 cusoruoou
669 751 828 804 sensnm
842 755 890 804 os
906 755 1074 806 nussum.
1239 743 1280 812 27

241 977 242 980 η
279 925 366 992 Nam
381 927 423 992 ad
434 929 606 994 delendam
617 929 748 1016 culpam
762 929 851 994 illius
862 929 924 994 loci
940 934 974 993 et
987 929 1180 1016 placandam
1195 929 1279 994 iram

233 1031 323 1096 beati
355 1029 511 1118 Eogwiui,
539 1033 591 1098 vel
617 1031 654 1094 in
680 1033 810 1118 signum
845 1031 1115 1098 reconciliationis
1150 1031 1280 1096 foederis

233 1135 320 1200 iuter
334 1133 469 1200 beatum
484 1135 594 1198 virum
617 1139 651 1198 et
674 1135 815 1198 cundem
838 1136 953 1214 locum,
970 1134 1022 1202 vel
1036 1133 1198 1200 nescimus
1214 1141 1278 1220 quo

233 1237 296 1304 alio
320 1235 383 1304 Dei
401 1235 534 1322 judicio,
559 1238 648 1302 locus
670 1235 707 1298 in
728 1259 794 1322 quo
826 1237 920 1302 ilium
944 1235 1111 1322 quondam
1135 1237 1281 1324 ejusdcm

233 1339 329 1406 castri
352 1339 458 1404 fuerat
482 1341 580 1404 datus
604 1345 654 1404 est
680 1339 822 1404 eoelesiae
846 1339 1092 1418 Eveshamensi,
1115 1343 1163 1418 ut,
1187 1339 1280 1426 quasi

231 1467 289 1532 per
318 1441 496 1530 principale
527 1441 726 1508 domicilium
758 1441 845 1528 quod
875 1445 1007 1508 sendus
1037 1441 1214 1528 Eogwiuus
1245 1441 1280 1504 in

232 1545 344 1610 eodem
381 1543 450 1608 loco
490 1535 625 1622 obtinet,
664 1543 816 1608 omuibus
858 1545 902 1608 sit
937 1543 1107 1630 liquidum¹
1145 1545 1280 1610 beatum

231 1647 341 1712 virum
371 1645 534 1732 quondam
576 1667 634 1732 per
676 1645 942 1734 pradicationem
983 1667 1077 1712 suam
1116 1645 1152 1710 iu
1193 1647 1278 1712 bello

230 1749 286 1818 illo
317 1749 489 1836 spirituali·
510 1749 545 1816 in
577 1749 690 1816 eodem
719 1752 788 1816 loco
818 1755 930 1816 contra
960 1773 1079 1816 aereas
1100 1755 1278 1838 potestates

232 1853 411 1918 obtinuisse
423 1851 441 1930 ¹,
459 1839 624 1940 ‘quamvis
653 1857 732 1916 tuno
759 1853 830 1918 hoc¹
854 1851 1019 1940 liquidum
1049 1859 1174 1918 constet
1211 1875 1278 1920 non

230 1955 337 2020 fuisse.
362 1955 400 2020 Si
415 1975 491 2018 vero
506 1955 603 2022 alicui
618 1955 687 2020 haec
710 1955 867 2042 praediota
890 1979 965 2042 quae
981 1955 1125 2020 diximus
1140 1955 1278 2022 incredi-

230 2057 310 2122 bilia
334 2057 500 2138 videutur,
531 2059 572 2124 ad
604 2058 710 2124 locum
743 2057 917 2144 praefatum
950 2059 1102 2140 accedat3
1145 2065 1178 2126 et
1212 2059 1277 2124 fide

230 2161 357 2226 oculata
378 2183 437 2248 per
458 2161 563 2248 ipsam
585 2161 633 2228 rei
656 2159 857 2228 evidentiam
887 2167 921 2226 et
956 2163 1033 2228 facti
1057 2161 1212 2228 notitiam
1244 2167 1277 2228 et

229 2263 351 2330 famam
372 2265 544 2348 publicam,
569 2265 639 2332 haec
669 2265 718 2330 ita
740 2289 797 2352 pro
821 2271 915 2330 certo
938 2267 1117 2344 inveniens,
1142 2267 1277 2332 beatum

229 2367 429 2454 Eogwinum,
464 2369 574 2432 immo,
587 2369 704 2450 Deum,
728 2369 885 2448 laudabit,
911 2369 977 2450 Qui
1000 2369 1036 2434 in
1067 2369 1187 2436 sanctis
1209 2369 1276 2436 suis

223 2477 354 2554 'semper
386 2477 436 2536 est
473 2471 629 2558 gloriosus
668 2493 725 2556 per
763 2471 875 2538 omnia
911 2473 1030 2538 sacua
1073 2474 1272 2538 saeculorum.
1351 2515 1353 2522 ,

230 2571 348 2638 Amen.

226 2891 380 2988 replico
394 2891 495 2964 Liber
516 2895 664 2964 Primos
686 2895 726 2966 dc
749 2895 831 2966 Vua
852 2897 973 2966 Sancti
988 2897 1160 2984 Eopcoini,
1181 2907 1210 2966 ot
1233 2897 1274 2966 cle

245 3049 246 3052 κ
314 2999 603 3090 Muraenaeque
625 3023 689 3088 por
719 3023 797 3068 earn
821 3001 999 3068 Dominae
1029 3003 1170 3090 operari
1196 3001 1271 3086 dip-

314 3111 487 3172 natusest
511 3103 598 3170 dam
620 3103 682 3170 huo
706 3103 777 3170 lucc
793 3103 978 3190 frueretur.
1170 3113 1171 3116 ’

233 3453 236 3458 η,
274 3395 322 3464 Dc
340 3393 588 3486 Corupoeo'tiooe
601 3395 765 3480 ,dependes
779 3395 822 3464 in
840 3395 1080 3464 Trousloto'oce
1094 3395 1215 3464 deuoti

666 3497 832 3582 Eopwini.

227 3685 320 3774 (Horo
335 3707 410 3776 quoe
430 3695 621 3774 sequantur
641 3709 747 3776 usqae
767 3685 814 3754 od
835 3685 1026 3764 secundam
1048 3685 1177 3754 l'bmna
1196 3709 1269 3756 noo

368 3791 528 3876 ayruun
550 3789 624 3858 uisi
647 3791 700 3860 ἄκη,
715 3789 953 3858 Translata-oo
975 3791 1134 3876 ruarmo.)

268 3947 413 4034 Rogatus
436 3947 484 4012 fui
514 3947 688 4036 aliquando
716 3973 735 4014 a
765 3937 921 4014 fratribus
948 3953 987 4012 ut
1017 3947 1122 4016 vitam
1154 3947 1267 4012 eximii

221 4051 377 4138 martyris
408 4049 553 4116 Wistani
588 4051 740 4142 advocati
771 4051 875 4140 nostri
889 4129 890 4132 Ἴ
903 4043 984 4118 ¹sine
1006 4049 1215 4138 'soloecismo
1233 4055 1268 4116 et
1368 4061 1370 4064 ’

224 4157 288 4220 alio
310 4155 402 4234 vitio
428 4155 520 4240 quod
536 4155 683 4244 noudum
706 4157 834 4240 factum
857 4153 930 4238 fuit,
957 4155 1032 4222 stilo
1063 4155 1267 4222 commenda-

222 4279 290 4324 rem
320 4257 511 4346 prolixiori3
536 4259 674 4336 ¹necnon
692 4265 738 4324 'et
767 4257 874 4322 vitam
905 4243 1113 4330 sanctissimi
1134 4257 1266 4342 patroni

218 4345 326 4440 nostri
348 4361 436 4426 beati
460 4359 607 4450 Ecgwini
631 4359 780 4454 episcopi,
805 4381 878 4446 quoe
907 4361 1066 4452 prolixius
1097 4345 1270 4426 tractabas¹

506 4661 513 4694 ¹
534 4653 586 4714 Sica
620 4663 698 4728 Rsad,¹
710 4659 835 4712 victorium
846 4661 982 4714 ohannins.
