3300 5666
329 851 393 914 nc
526 863 725 912 oanourcou
749 863 905 914 Ansarrm
929 863 977 912 na
999 861 1170 912 1111111111,
1262 927 1263 930 ¹

160 1063 226 1116 111).
242 1069 312 1116 1111.
326 1053 498 1138 inceperat,
529 1053 600 1136 jam
631 1051 833 1130 exhibuerat,
866 1053 953 1136 quod
976 1055 1143 1138 episcopus
1178 1053 1374 1140 potestatem

325 1155 468 1220 habebat
490 1151 611 1218 tamin
626 1153 730 1240 capite
754 1175 853 1240 quam
879 1153 914 1216 in
942 1153 1113 1218 membrisl
1139 1158 1246 1220 errata
1271 1175 1374 1240 usquc
1456 1181 1457 1184 ¹

326 1257 368 1322 ad
403 1257 639 1342 depositionem
669 1260 702 1321 et
732 1257 998 1342 degradationem
1019 1259 1196 1344 corrigere,
1225 1261 1258 1322 et
1289 1259 1375 1340 quod

326 1357 410 1422 nihii
431 1355 594 1444 libertatis
618 1359 733 1424 amodo
763 1357 903 1422 ecciesiae
930 1363 1052 1422 nostrae
1085 1357 1325 1442 relinqueretur
1348 1359 1376 1422 si
1412 1365 1414 1368 ’

328 1481 402 1524 eum
431 1463 471 1522 ut
502 1459 672 1526 diocesano
697 1459 768 1546 iege
786 1457 940 1544 ,subjecti
965 1459 1237 1538 admitteremus3
1276 1481 1375 1544 quare

328 1561 441 1626 statim
458 1561 605 1640 dissuasi,
631 1563 732 1638 immo
757 1567 914 1648 exparte
941 1569 1122 1630 conventus
1148 1561 1311 1648 prohibui,
1334 1585 1375 1628 ne

329 1685 403 1730 eum
426 1665 486 1730 sub
510 1665 571 1730 tali
595 1665 699 1730 forma
722 1665 922 1732 admitteret.

331 1953 380 2018 De
397 1953 621 2022 controversia
636 1961 665 2020 et
681 1951 890 2018 dissensione
912 1957 1095 2016 concentus
1111 1951 1150 2016 de
1166 1949 1377 2016 odocdtteudo
1394 2033 1397 2042 Δ

575 2055 626 2120 oct
649 2075 720 2120 non
742 2051 951 2120 admittendo
975 2053 1133 2138 epdscopo.
1207 2093 1231 2122 μ

165 2195 310 2276 piscosior
376 2191 474 2258 Mane
495 2195 606 2258 autem
629 2189 712 2256 facto
738 2189 953 2256 convenimus
971 2211 1044 2256 oum
1071 2191 1191 2256 abbate
1214 2195 1325 2256 nostro
1341 2195 1379 2256 ut

166 2265 252 2394 111111
332 2291 372 2358 de
397 2295 600 2360 admittendo
631 2293 780 2380 episcopo
804 2291 857 2360 vel
887 2315 955 2358 non
985 2293 1189 2359 admittendo
1221 2293 1378 2358 sufficien-
1459 2317 1461 2324 ’

332 2397 399 2458 tius
421 2399 646 2474 tractaremus,
671 2401 710 2460 et¹
729 2395 818 2458 facta
834 2400 884 2461 est
907 2395 1068 2460 internos
1084 2417 1206 2480 magna
1222 2395 1379 2460 dissensio

332 2501 366 2562 11
389 2495 486 2562 multi
512 2497 651 2584 parietes
672 2497 751 2560 facti
774 2501 860 2562 sunt.
907 2497 1110 2578 Quibusdam
1136 2499 1223 2562 enim
1247 2497 1383 2564 fautori-

316 2601 395 2666 bus
417 2601 546 2666 abbatis
561 2603 644 2666 bene
665 2605 734 2666 erat
750 2603 896 2686 quicum
918 2603 1038 2688 ipsein
1055 2607 1194 2666 stercore
1211 2623 1268 2666 suo
1287 2603 1381 2686 quasi

306 2781 309 2790 Δ
335 2725 390 2766 sus
413 2703 450 2766 in
465 2703 639 2769 volutabro
665 2707 955 2788 computruerant3
979 2705 1036 2768 isti
1060 2719 1188 2790 semper
1206 2705 1254 2768 ita
1269 2703 1380 2770 vivere

336 2804 462 2870 veilent
489 2811 528 2870 ut
553 2805 701 2890 quotidie
723 2827 797 2870 cum
813 2807 933 2872 abbate
950 2829 1007 2872 suo
1023 2805 1191 2892 splendide
1216 2805 1383 2894 epularen-

336 2913 398 2972 tur.
446 2907 494 2972 Hi
516 2907 610 2972 litem
625 2907 789 2986 nolebant,
813 2909 950 2972 scientes
974 2909 1053 2994 quia
1076 2909 1153 2972 lites
1177 2929 1312 2994 magnas
1328 2931 1383 2972 ex-

336 3031 453 3098 pensas
479 3011 675 3094 requirunt;
702 3009 767 3074 alii
805 3013 915 3074 autem
951 2997 1194 3090 valetudinarii,
1223 3009 1280 3100 alii
1305 3023 1381 3074 vero

310 3131 312 3184 ζ
338 3133 437 3188 senes,
455 3111 512 3176 alii
536 3113 587 3174 hic
615 3113 735 3176 nutriti
758 3113 878 3194 quibus
903 3113 968 3176 alia
995 3113 1064 3176 loca
1091 3117 1184 3176 erant
1209 3113 1383 3198 incognita,

338 3217 470 3302 propter
485 3215 604 3292 nimias
618 3215 688 3280 litis
704 3237 862 3300 expensas
884 3215 1040 3280 timentes
1058 3215 1215 3300 majorem
1231 3215 1383 3294 inediam,

340 3321 380 3384 et'
396 3317 501 3394 etiam,
521 3317 549 3380 si
572 3317 621 3382 ita
642 3339 692 3382 res
709 3323 849 3404 urgeret,
873 3317 1016 3382 fratrum
1039 3317 1281 3402 dispersionem,
1298 3339 1385 3404 quae-

340 3421 456 3488 rebant
478 3425 517 3484 ut
547 3443 612 3506 pax
635 3421 726 3488 fieret
749 3421 786 3484 in
816 3421 930 3486 diebus
953 3419 1029 3500 suis,
1055 3419 1219 3506 11111111
1247 3419 1283 3484 in
1313 3419 1384 3484 aliis

341 3545 407 3590 non
437 3523 603 3588 faverent.
620 3523 739 3602 abbati,
768 3523 803 3586 in
827 3523 887 3588 hoc
917 3527 1029 3588 tamen
1052 3545 1128 3586 casu
1168 3521 1386 3588 communiter

174 3643 328 3706 Arguments
341 3643 425 3692 cum·
446 3649 482 3692 eo
512 3630 683 3691 steterunt.
744 3625 808 3688 lsti
835 3647 947 3690 omnes
977 3645 1051 3688 cum
1082 3625 1202 3690 abbate
1234 3623 1386 3690 dicebant

175 3709 316 3826 fflssffi
341 3731 418 3814 quia
441 3749 492 3794 res
523 3729 562 3792 de
593 3749 658 3812 qua
685 3727 845 3814 agebatur
870 3727 964 3792 vaide
991 3727 1099 3792 ardua
1124 3731 1193 3792 erat
1224 3731 1257 3790 et
1289 3749 1387 3812 supra
1423 3797 1424 3800 Ἴ

174 3839 317 3920 siontothe
341 3833 426 3898 vires
467 3831 607 3912 ecciesiae
648 3837 691 3912 et¹
713 3835 849 3908 nostras,
890 3831 1032 3896 dicentes
1071 3833 1179 3896 totam
1220 3831 1387 3896 abbatiam

175 3909 270 3970 ushop.
341 3937 441 3998 etiam
452 3935 481 3998 si
491 3935 643 3998 monachi
657 3935 741 3998 nihii
756 3955 798 3998 ex
814 3955 851 3998 ea
862 3935 1065 4020 perciperent
1082 3935 1187 3998 tantis
1203 3933 1387 4020 sumptibus

342 4059 410 4102 non
434 4035 587 4114 sufficere,
611 4059 678 4100 non
704 4041 849 4100 tacentes
878 4037 965 4120 quod
992 4037 1158 4122 episcopus
1179 4037 1274 4104 valde
1297 4035 1389 4102 favo·

253 4215 255 4220 s
342 4141 454 4206 rabilis
477 4145 554 4216 erat,
580 4145 694 4226 utpote
717 4139 770 4202 vir
794 4144 927 4205 sanctus
951 4145 985 4204 11
1008 4139 1044 4202 in
1066 4139 1212 4202 scientiis
1235 4139 1389 4226 profundi

343 4241 489 4328 pectoris,
513 4241 652 4306 ecclesiae
669 4241 827 4306 Romanae
851 4241 1032 4322 cardinalis,
1049 4247 1083 4306 11
1105 4265 1125 4306 a
1151 4243 1282 4316 domino
1306 4265 1390 4328 papa

345 4342 475 4430 speciali
501 4345 643 4428 quadam
669 4343 911 4430 dispensatione
935 4349 1068 4432 propter
1091 4367 1227 4432 magnas
1250 4345 1390 4410 virtutes

243 4497 246 4504 Δ
347 4449 465 4530 quibus
479 4449 624 4532 pollebat
640 4449 675 4510 in
691 4447 877 4534 episcopum
892 4455 1107 4526 consecratus,
1124 4453 1158 4512 et
1175 4469 1242 4532 prce
1265 4449 1391 4514 caeteris

347 4549 511 4634 episcopis,
543 4555 582 4614 ut
610 4547 785 4628 dicebatur,
822 4549 969 4628 dilectus,
993 4551 1080 4638 quod
1115 4571 1156 4616 ex
1190 4551 1304 4616 multis
1342 4573 1392 4616 ar-

347 4653 513 4736 gumentis
546 4653 811 4738 comprobabant,
838 4653 995 4718 addentes
1018 4655 1103 4738 quod
1128 4653 1226 4718 multi
1256 4655 1390 4720 abbates

543 4791 631 4798 ...au-nna..
638 4791 710 4798 1--n-1-
714 4791 814 4796 ....-.........

702 4847 717 4876 ’1
731 4845 852 4918 membris]
865 4829 982 4906 menbris,
994 4845 1049 4900 ΜΒ,
