3308 5666
384 695 448 780 180
522 727 524 730 ·
591 725 792 774 ouuouroor
815 723 973 772 asenne
997 725 1044 774 nn
1067 725 1240 774 nvnsnnn.

215 905 283 956 Ab,
297 911 369 956 1206.
380 899 445 966 tini,
466 917 590 972 quorum
616 919 702 956 usum
728 901 896 956 continuum
920 919 937 956 a
960 901 1059 974 longis
1077 905 1155 956 retro
1174 899 1359 976 temporibus
1373 917 1427 968 per

381 983 574 1054 depositiones
592 987 713 1040 testium
731 985 882 1040 ostendere
909 987 1066 1040 nitebatur.
1112 985 1149 1040 Iu
1166 983 1261 1054 primo
1281 983 1428 1054 siquidem

379 1069 535 1140 privilegio
566 1069 748 1124 Constantini
774 1067 974 1124 continebatur
1007 1085 1178 1138 expressum
1215 1069 1303 1138 quod
1320 1073 1427 1122 sancta

378 1151 586 1208 reeordationis
598 1151 774 1224 idcg'vvinusl
793 1153 995 1224 wigornensis
1012 1153 1167 1224 episcopus
1185 1151 1223 1206 ad
1240 1145 1428 1224 apostolicam

379 1237 478 1292 sedem
497 1235 645 1302 accedens,
666 1237 809 1292 visionem
828 1233 1050 1306 quandamque
1068 1253 1098 1290 se
1116 1235 1203 1290 beata
1219 1235 1314 1306 Virgo
1332 1235 1428 1288 Maria

378 1319 576 1376 manifestavit
603 1319 699 1374 eidem
732 1313 1107 1392 praefato.³preedecessori'
1128 1325 1227 1376 nostro
1258 1323 1427 1394 reverenter

341 1447 345 1454 .
379 1403 520 1474 exposuit,
542 1409 570 1458 et
587 1409 657 1458 tunc
674 1403 814 1476 temporis
833 1403 890 1458 duo
909 1421 994 1476 reges
1022 1403 1188 1474 Anglorum
1216 1401 1372 1456 Kenredus
1397 1407 1427 1456 et

380 1487 444 1540 Offa
470 1505 537 1540 cum
564 1487 670 1556 quibus
697 1487 760 1558 jam
785 1487 880 1542 dictus
911 1487 1065 1560 episcopus
1097 1485 1296 1556 apostolorum
1312 1483 1426 1538 'limina

378 1571 519 1634 visitavit,
540 1571 570 1622 in
586 1569 651 1624 loco
669 1569 790 1626 visionis
817 1577 939 1626 ostensae
958 1571 994 1626 de
1013 1571 1096 1626 bonis
1116 1569 1178 1626 suis
1196 1569 1323 1640 plurima
1340 1567 1426 1620 bene-

378 1653 444 1708 ficia
461 1655 493 1706 in
510 1655 665 1724 prasentia
682 1653 813 1726 ejusdem
831 1653 1055 1726 praedecessoris
1072 1653 1166 1710 nostri
1181 1653 1273 1724 ‘regia
1290 1651 1425 1726 libertate

378 1735 530 1802 donarunt,
546 1755 610 1806 quoe
628 1737 690 1808 ipse
710 1733 881 1792 auctoritate
900 1737 1059 1808 apostolica
1070 1737 1260 1800 confirmavit,
1283 1739 1424 1804 quatenus

377 1819 410 1874 in
440 1819 541 1874 eodem
570 1821 634 1876 loco
671 1821 880 1876 monachornm
919 1821 1109 1892 congregatio
1149 1817 1309 1874 secundum
1346 1817 1425 1872 beati

376 1903 530 1958 Benedicti
542 1923 543 1926 ¹
554 1907 697 1976 regulam,
721 1923 785 1978 quae
801 1905 906 1958 minus
925 1903 1035 1958 inillis
1053 1901 1187 1980 partibus
1205 1907 1274 1958 tunc
1292 1901 1422 1972 vigebat,

376 1985 413 2040 ad
425 1983 527 2042 Divini
538 1987 673 2046 Nominis
686 1989 912 2044 constitueretur
924 1987 1072 2042 honorem.
1105 1985 1190 2042 Unde
1202 1985 1341 2056 praefatus
1354 2003 1424 2054 pon-

375 2069 448 2122 tifex
465 2069 645 2126 Brithvvaldo
662 2069 895 2128 Brittanniarum
920 2065 1041 2140 primati
1065 2087 1117 2140 per
1136 2069 1296 2138 apostolica
1314 2069 1423 2138 scripta

375 2153 525 2208 mandavit
548 2159 582 2208 ut
605 2147 765 2210 coadunato
796 2151 939 2210 ωοηοίΙίο2
953 2153 1149 2210 constitueret
1178 2153 1254 2208 ovile
1281 2151 1422 2208 divinitus

374 2243 593 2306 praeostensum,
614 2239 773 2308 apostolica
797 2237 970 2294 auctoritate
994 2237 1150 2302 munitum,
1180 2237 1268 2308 regias
1286 2237 1421 2300 libertate

374 2317 522 2386 donatum,
539 2321 595 2376 sibi
614 2327 643 2378 et
662 2313 879 2396 successoribus
899 2315 970 2386 suis,
995 2321 1166 2390 (memorato
1184 2317 1341 2390 Ecgvvino³
1361 2319 1421 2390 epi-

374 2421 461 2474 scopo
473 2405 672 2472 assentiente)
685 2423 785 2460 curam
797 2397 958 2458 animarum
974 2399 1107 2474 ejusdem
1125 2405 1256 2460 ecclesia
1274 2401 1421 2474 praecipue

237 2553 239 2556 Ι
373 2485 564 2558 injungendO,
584 2493 618 2542 ut
634 2485 680 2542 'ab
707 2487 786 2544 omni
812 2505 1002 2558 pervasorum
1027 2487 1157 2558 impulsu
1176 2493 1206 2542 et
1225 2491 1420 2558 ,tyrannorum

293 2567 296 2572 ’
371 2567 493 2624 incursu
510 2573 652 2642 potestate
668 2571 735 2642 'sibi
746 2569 854 2626 tradita
872 2571 1055 2636 defensaret;
1076 2571 1102 2624 si
1121 2571 1193 2640 quid
1204 2573 1273 2624 vero
1293 2569 1418 2624 sinistrae

371 2651 478 2722 partis
503 2653 577 2724 inibi
614 2655 825 2726 comperiretur
854 2653 935 2726 oriri,
969 2653 1101 2724 ejusdem
1132 2653 1266 2724 primatis
1298 2653 1418 2708 auribus

370 2735 468 2804 potius
488 2735 651 2792 deferretur
669 2757 757 2808 quam
774 2755 827 2808 per
839 2735 964 2806 alicujus
984 2737 1133 2792 occultam¹
1147 2735 1319 2792 sententiani
1336 2735 1418 2790 locus

284 2847 286 2850 ·
370 2823 488 2874 sanctus
508 2819 716 2888 depravaretur
734 2819 851 2890 injuste.
901 2819 1005 2888 Ipsum
1027 2837 1098 2890 ergo
1115 2819 1214 2874 iocum
1232 2837 1320 2888 quem
1339 2825 1418 2874 ante·

306 2933 312 2944 ·
368 2899 445 2956 dicti
467 2919 553 2972 reges
578 2903 709 2958 libertati
731 2903 884 2968 donarunt,
911 2901 990 2956 idem
1017 2903 1219 2972 praedecessor'
1232 2909 1332 2958 noster
1351 2905 1422 2974 apo·'

369 2983 486 3038 stolicoe·
497 2985 574 3040 sedis
591 2987 764 3040 auctoritate
781 2983 909 3048 donavit,
923 2989 957 3038 ut
968 2985 1068 3038 nullus
1082 2985 1293 3056 cujuscumque
1305 2983 1422 3040 'ordinis'

367 3065 454 3120 homo
473 3067 558 3136 quod
575 3067 638 3136 ipse
653 3067 855 3122 'constituerat
875 3067 1035 3136 depravare
1063 3075 1114 3124 aut
1139 3069 1300 3124 diminuere
1323 3075 1416 3124 atten-

366 3155 468 3214 taret„
500 3151 536 3206 In
563 3149 688 3206 secundo
707 3167 776 3206 vero
803 3147 960 3222 privilegio
980 3151 1112 3222 ejusdem
1133 3153 1315 3208 Constantini
1333 3159 1422 3224 papae'

366 3231 567 3302 perspeximus
579 3231 727 3288 contineri
744 3233 820 3302 quod
839 3233 901 3302 ipse
918 3235 1040 3302 praefato
1058 3233 1176 3304 primati
1194 3253 1246 3306 per
1259 3237 1416 3306 ap0stolica

366 3317 477 3386 scripta
495 3317 652 3380 mandavit,
672 3321 706 3370 ut
725 3307 863 3372 eeclesias
882 3317 939 3370 Dei
957 3335 1010 3386 per
1028 3315 1414 3374 Brittanniam'constitutas

341 3403 584 3470 -protegeret'ot
602 3401 726 3454 foveret,
770 3399 853 3452 inter
881 3417 954 3468 quas
980 3419 1044 3452 eam
1070 3419 1135 3470 quae
1154 3401 1323 3470 nuperrime
1341 3407 1412 3456 'tunc

267 3513 269 3518 ,
365 3499 383 3536 a
402 3483 565 3538 venerabili
590 3485 653 3538 viro
674 3481 834 3554 Ecgvvino³
860 3483 994 3554 episcopo
1017 3485 1176 3554 apostolica
1196 3491 1224 3540 et
1245 3485 1413 3554 regiaauc-

365 3565 484 3620 toritate
506 3567 602 3620 fuerat
625 3567 783 3622 constituta
815 3561 918 3620 ditioni
944 3567 1012 3638 ejus
1031 3569 1179 3638 praecipue
1200 3569 1410 3632 submittebat,

363 3653 397 3704 ut
419 3665 483 3702 eam
502 3649 537 3702 ab
557 3651 635 3704 omni
654 3649 888 3706 adversariorum
907 3649 1127 3720 impugnatione
1145 3651 1269 3704 liberam
1280 3651 1417 3722 inperpe-

362 3737 448 3786 tuum
461 3731 584 3786 reddere
596 3737 775 3804 procuraret,
791 3731 969 3786 constituens
982 3737 1015 3788 ut
1028 3733 1107 3788 idem
1124 3733 1206 3788 locus
1226 3733 1289 3788 sub·
1299 3751 1411 3788 monar-

362 3813 429 3870 chia
440 3815 552 3886 proprii
564 3815 677 3872 abbatis
690 3817 726 3870 ab
740 3815 817 3870 omni
830 3815 981 3884 tyrannica
994 3815 1140 3872 exactione
1155 3815 1194 3870 sit
1205 3817 1290 3882 liber,
1305 3821 1335 3872 et
1345 3817 1410 3870 nul-

360 3899 408 3954 lus
436 3899 647 3968 cujuscumque
675 3899 786 3954 ordinis
804 3899 1036 3968 homoaliquod
1049 3899 1091 3952 ibi
1115 3899 1223 3952 inferre
1251 3917 1409 3972 gravamen

360 3985 529 4052 praeeumat.
582 3981 681 4038 Abbas
708 3987 806 4038 autem
831 3981 990 4038 secundum
1019 3967 1221 4036 atctoritaeem
1243 3971 1409 4044 canonicam

359 4065 407 4118 vel
428 4065 464 4118 de
482 4063 565 4136 ipso⁴
577 4067 754 4120 monasterio
772 4065 820 4118 vel
835 4063 870 4120 de
888 4065 1027 4136 parochia
1042 4063 1218 4124 Wictiorum
1233 4081 1251 4118 a
1268 4067 1412 4130 fratribus

359 4149 498 4218 eligatur,
519 4147 570 4220 qui
588 4143 681 4204 libere
701 4169 734 4220 ac
747 4145 883 4202 canonice
897 4147 959 4210 sine
979 4147 1085 4218 aliqua.
1097 4147 1244 4202 exactione
1263 4149 1294 4202 in
1307 4149 1407 4202 eadem

1207 4335 1401 4342 —u-...n--q

390 4457 560 4524 maenaa]
590 4445 721 4522 ngious.
734 4459 811 4522 Vesp.
824 4459 855 4508 B.
877 4463 881 4504 t
914 4493 916 4498 .
942 4439 1097 4520 Ἐσςιεξτιοῇ
1122 4457 1222 4520 ngin.
1251 4457 1329 4520 Vesp.

356 4535 456 4586 xxiv.i.
472 4541 510 4586 76.

391 4615 401 4644 ²
412 4613 527 4680 concilio]
542 4613 657 4684 consilio,
670 4615 726 4666 MS.

944 4575 953 4602 ⁴
966 4573 1032 4638 ipso]
1047 4589 1097 4622 om.
1110 4573 1170 4622 ibid.
