3300 5666
352 829 415 888 138
549 837 750 884 onnourcou
773 835 930 884 assurin
953 835 999 884 un
1023 833 1190 884 uvnsuau.

349 1229 399 1294 Dc
421 1227 543 1294 iterato
575 1223 799 1292 controuersia
833 1233 864 1292 ct
901 1223 1109 1292 dissencione
1140 1221 1323 1292 conuentus
1354 1223 1394 1290 dc

439 1325 647 1412 subjiciendo
686 1349 718 1394 sc
758 1325 1000 1412 jurisdictioni
1049 1327 1197 1414 episcopi
1234 1329 1285 1394 cci
1321 1349 1395 1392 coc

439 1427 651 1516 subjiciendo
1360 1435 1361 1438 ’

184 1661 339 1714 A.D.1204.
397 1647 576 1734 Episcopus
598 1669 675 1712 vero
707 1649 857 1734 quamvis
894 1671 961 1714 non
995 1654 1103 1736 posset
1137 1649 1294 1734 impedire
1318 1669 1395 1732 quo«

185 1741 340 1856 ffnfffegffi
352 1749 461 1814 minus
482 1751 597 1814 relatio
632 1751 724 1814 fieret
758 1756 792 1815 et
827 1771 924 1814 causa
956 1773 1052 1838 super
1074 1751 1274 1838 proprietate
1296 1751 1395 1814 finem
1420 1813 1421 1818 ,

185 1879 212 1920 to
224 1871 326 1922 concffi·
353 1853 524 1920 sortiretur
535 1853 728 1938 legitimum,
743 1857 855 1916 tamen
871 1853 1037 1940 cogitabat
1047 1853 1222 1918 monachos
1238 1855 1396 1930 seducere,
1452 1895 1454 1900 ,

185 1941 282 2054 ἓξὲξ
353 1979 402 2036 ne,
425 1955 585 2034 videlicet,
609 1957 770 2024 instarent
805 1955 892 2042 quod
925 1955 962 2018 in
995 1955 1149 2042 petitorio
1179 1955 1304 2042 judicio
1331 1955 1397 2022 cito

354 2061 618 2138 sententiaretur,
645 2065 678 2126 et
709 2081 762 2124 eos
785 2059 924 2144 benigne
947 2059 1112 2136 tractavit,
1136 2063 1169 2122 et
1192 2081 1302 2124 ornnes
1325 2081 1398 2124 con-

356 2161 543 2250 suetudines
576 2161 690 2228 domus
724 2161 768 2226 eis
804 2161 932 2230 habere
956 2161 1041 2240 fecit,
1066 2167 1099 2226 et
1123 2161 1398 2228 staturianum

355 2267 392 2328 in
415 2263 531 2330 meiius
554 2265 753 2342 reformavit,
777 2273 810 2330 et
842 2285 1050 2352 quoscmiquc
1074 2265 1193 2330 habere
1225 2265 1334 2352 potuit
1357 2265 1398 2330 ad

357 2369 551 2434 sumendum
585 2369 694 2432 cibum
728 2389 836 2432 secum
863 2369 951 2454 apud
974 2369 1169 2436 Fladeburie
1196 2369 1343 2446 deduxit,
1366 2375 1400 2434 et

355 2473 475 2536 multos
499 2471 637 2538 seduxit.
684 2471 725 2534 Iu
752 2477 883 2536 tanturn
907 2471 993 2558 quod
1016 2473 1114 2538 inuiti
1137 2471 1282 2538 dicerent
1314 2473 1401 2558 quod

355 2577 477 2640 bonum
501 2583 570 2640 erat
593 2575 710 2660 subjici
733 2577 879 2662 episcopo
903 2597 959 2662 per
983 2573 1078 2662 quem
1110 2581 1180 2640 tam
1214 2575 1279 2640 cito
1301 2575 1401 2640 talem

272 2685 273 2688 ’
356 2685 389 2744 et
412 2681 541 2742 tantam
554 2683 672 2748 status
695 2679 934 2746 suipconsecuti
956 2687 1049 2744 erant
1081 2679 1344 2746 reformationem
1366 2685 1400 2744 et

276 2847 277 2850 ,
356 2771 585 2848 correctionem
599 2805 607 2860 3
631 2781 786 2866 eligentes
810 2803 883 2846 cum
897 2781 1026 2872 populo
1042 2779 1206 2868 quondam
1223 2779 1401 2846 Israelitico

357 2903 544 2972 permanere
566 2885 603 2950 in
625 2885 783 2948 servitute
806 2885 890 2948 sicut
921 2883 971 2946 illi
1004 2883 1260 2970 concupiverunt
1292 2883 1401 2948 sedere

347 2987 395 3074 ¹in
410 2987 555 3072 AEgypto
579 3009 676 3074 super
688 2987 767 3060 ollas
789 3009 921 3052 carneas
937 2987 1041 3074 magis
1057 3009 1155 3072 quarn
1178 2993 1229 3052 tot
1251 2993 1285 3052 et
1300 2987 1403 3051 tantis

360 3089 525 3154 laboribus
548 3095 582 3156 et
604 3089 722 3156 inediis
745 3093 778 3156 et
801 3091 884 3154 forte
906 3089 942 3152 in
964 3111 1087 3154 vanum
1109 3089 1256 3154 toleratis
1278 3089 1321 3154 ad
1343 3089 1404 3154 loci

359 3191 463 3258 sancti
494 3197 528 3256 et
566 3193 617 3258 sui
652 3193 755 3280 ipsius
789 3192 975 3258 libertatern
1010 3193 1179 3258 elaborare.
1247 3191 1325 3258 Non
1355 3191 1405 3256 illi

258 3365 267 3378 .
359 3295 575 3362 attendebant
601 3295 711 3362 miseri
731 3295 820 3382 'quia
851 3295 1015 3362 ecclesiam
1047 3295 1182 3362 liberam
1220 3295 1320 3360 immo
1354 3295 1403 3358 in-
1460 3283 1461 3286 ¹

359 3421 500 3488 genuam
521 3403 635 3464 natam
658 3399 809 3464 ancillare
832 3405 866 3462 et
888 3393 925 3462 in
947 3399 1142 3464 servitutem
1164 3399 1331 3464 retrudere
1355 3405 1404 3464 est

361 3503 465 3570 locum
498 3509 647 3568 sanctum
688 3503 867 3590 profanare,
895 3503 973 3586 quia
1006 3501 1134 3586 profani
1166 3500 1403 3566 inhabitatores

361 3609 432 3672 haec
465 3605 665 3672 sustinerent
698 3605 777 3670 dum
809 3605 991 3670 mortaliter
1030 3603 1191 3692 peccando
1225 3603 1405 3688 gauderent
1439 3635 1441 3642 ¹

362 3713 396 3776 et
419 3707 628 3798 epularentur
652 3707 692 3774 de
715 3709 810 3774 bonis
844 3707 993 3786 ecclesiae,
1017 3707 1137 3794 quibus
1170 3707 1242 3794 ipsa
1275 3707 1406 3774 defendi

197 3823 307 3872 rheau-
362 3811 495 3878 deberet
528 3835 570 3878 ne
602 3813 647 3874 in'
671 3811 866 3876 servitutem
886 3809 1136 3878 detruderetur.
1217 3811 1406 3878 Nescientcs

195 3891 321 4020 iidgreindn
362 3913 462 3978 etiam
494 3935 590 3980 onera
624 3913 825 4000 episcopatio,
845 3913 954 4000 quod,
984 3915 1146 3992 videlicet,
1176 3935 1244 3980 non
1275 3919 1407 3982 tanturn

195 4023 238 4100 tha
251 4021 312 4072 evila
323 4019 353 4070 of
362 4017 459 4082 semel
496 4017 532 4078 in
563 4037 657 4094 aruc,
692 4017 747 4082 sed
785 4017 936 4102 quotiens
974 4041 1054 4106 opus
1092 4019 1193 4084 fuerit
1231 4019 1407 4084 secundum

197 4089 331 4206 iffi&
363 4139 501 4184 oenones
524 4117 675 4184 visitabit
698 4117 865 4206 episcopus
887 4121 1085 4186 monasteria
1108 4119 1171 4184 sibi
1197 4119 1350 4208 subjecta,
1373 4123 1409 4186 et

365 4223 546 4308 procuratio
568 4223 792 4288 visitationem
807 4245 933 4308 semper
947 4223 1129 4302 comitatur,
1145 4229 1179 4290 et
1194 4247 1261 4288 non
1275 4229 1407 4290 tantum

365 4325 507 4414 episcopi
536 4325 591 4392 sed
622 4325 721 4390 etiam
761 4325 979 4394 archidiaconi
1000 4341 1001 4344 ’
1021 4327 1170 4394 officiales
1202 4333 1236 4394 et
1266 4329 1409 4394 ministri

365 4451 479 4496 ,eorum
512 4431 549 4494 in
587 4451 742 4516 magnum
773 4451 951 4518 gravamen
989 4433 1258 4518 monasteriorum
1288 4433 1408 4500 admit-

365 4535 494 4610 tuntur,
516 4535 551 4596 et
573 4533 649 4618 equi
680 4553 792 4598 eorum
823 4533 865 4598 ad
897 4533 1199 4620 perhendinandum
1230 4533 1330 4598 donec
1352 4555 1410 4618 per

367 4657 492 4702 moram
525 4633 574 4699 ibi
611 4637 842 4716 meliorentur3
891 4641 925 4700 et
962 4637 1061 4700 etiam
1099 4637 1247 4702 redditus
1284 4657 1411 4700 monas-

370 4741 527 4808 teriorum
551 4739 672 4808 clericis
705 4739 927 4826 episcoporum
950 4745 984 4804 et
1006 4739 1304 4804 archidiaconorum
1332 4759 1411 4820 con·
