3300 5666
457 837 656 894 0111011001
680 843 837 896 Acarna*
860 847 906 896 oa
929 845 1098 898 nussum.
1236 839 1298 902 165

252 1025 270 1052 ‘¹
291 1017 333 1082 ad
356 1013 486 1104 plenam
510 1017 698 1084 libertatem
721 1017 961 1096 insufficientia,
999 1039 1101 1102 quum
1137 1041 1196 1106 per
1226 1021 1463 1104 ipsaA.D.1aos.

251 1129 269 1182 ‘.‘
292 1119 463 1206 privilegia
486 1121 635 1206 quaedam
653 1121 732 1208 jura
756 1121 951 1210 episcopalia
967 1119 1002 1186 in
1018 1121 1216 1184 monasterio
1239 1121 1296 1186 illo
1338 1155 1340 1160 v
1451 1133 1452 1136 ’

233 1233 267 1308 ἶ(
290 1223 442 1310 episcopo
470 1227 584 1288 nostro
617 1225 833 1292 reserventur.
892 1223 984 1288 Dicit
1015 1223 1103 1286 enim
1136 1223 1296 1286 (101101011-Ἰ

249 1331 266 1360 “
290 1325 379 1390 tinus
402 1325 489 1410 quod
513 1325 614 1390 abbas
642 1325 787 1410 ejusdem
818 1325 879 1388 loci
911 1325 1053 1412 primum
1086 1327 1191 1390 locum
1221 1331 1296 1412 post

250 1437 266 1462 “
290 1425 485 1490 Wictiorum
500 1428 673 1512 praesulenr
695 1447 756 1490 sua
776 1427 973 1492 auctoritate
992 1427 1119 1514 jugiter
1134 1419 1296 1490 obtineat.

250 1527 355 1592 “Sed
380 1549 481 1612 quum
505 1527 611 1592 locum
634 1527 728 1594 illum
752 1549 810 1592 uec
833 1525 870 1592 in
891 1529 1035 1612 generali
1059 1525 1209 1594 conciliol
1236 1549 1295 1594 nec

251 1641 267 1666 “
289 1629 483 1716 provinciali
521 1629 624 1716 possit
662 1625 838 1706 obtinere,
862 1631 940 1714 quia
977 1631 1038 1698 hoc
1068 1631 1124 1698 alii
1155 1631 1296 1718 episcopi

250 1731 461 1814 “inferiores
497 1735 609 1796 nostro
647 1753 715 1796 non
758 1733 997 1816 permitterent,
1031 1735 1135 1798 restat
1176 1739 1216 1796 ut
1253 1733 1294 1796 ad

248 1833 451 1918 “synodum
489 1833 701 1920 episcopalem
739 1833 861 1912 veniat,
900 1841 934 1900 et
979 1833 1025 1898 ibi
1064 1835 1170 1900 locum
1201 1835 1295 1898 illum

247 1947 264 1972 “
286 1937 442 2028 obtineat,
465 1943 498 2000 et
521 1935 567 2000 sic
599 1935 746 2022 episcopo
779 1935 981 2022 subjiciatur.
1043 1937 1087 1998 In
1121 1937 1294 2022 privilegiu

248 2045 266 2074 “
288 2059 365 2104 vero
388 2037 569 2102 Alexandri
593 2039 782 2104 continetur
806 2037 1138 2126 quod'Wigomenses
1155 2035 1294 2124 episcopi

247 2151 263 2176 “
285 2141 412 2224 aliquid
434 2141 555 2226 injuste
586 2141 628 2204 ab
659 2141 705 2206 eis
736 2163 803 2204 non
839 2141 983 2224 exigant,
1010 2141 1068 2204 sed
1091 2141 1140 2204 1110
1165 2143 1295 2204 tantum

247 2241 433 2306 “contenti
463 2243 531 2308 sint
554 2265 628 2328 quae
651 2247 870 2308 antecessores
893 2257 1005 2306 eorum
1036 2243 1294 2306 antecessoribus
1325 2235 1328 2242 ¹,

246 2355 262 2380 “
285 2345 352 2408 suis
375 2345 771 2410 cunstatratiunabiliter
794 2345 988 2432 exhibuisse.
1047 2345 1135 2428 Ergo
1166 2349 1294 2408 constat

247 2453 266 2482 “
289 2449 506 2510 antecessores
524 2465 636 2510 eorum
651 2447 778 2532 aliquid
794 2447 1052 2512 antecessoribus
1073 2445 1295 2532 episcoporum

246 2557 262 2584 ‘⁴
283 2549 524 2622 rationabiliter
539 2547 744 2634 impendisse.
791 2549 879 2634 Ergo
894 2547 1173 2634 episcopialiquid
1186 2555 1295 2634 petere

245 2661 263 2686 “
284 2655 429 2736 possunt,
458 2655 493 2714 et
525 2651 588 2734 ipsi
622 2651 682 2714 hoc
716 2651 762 2714 eis
794 2651 948 2716 exhibere
981 2653 1143 2714 tenentur.
1206 2651 1294 2734 Ergo

248 2759 264 2784 “
287 2751 434 2836 episcopo
457 2749 492 2812 in
516 2751 626 2832 aliquo
650 2749 891 2836 subjiciuntun
917 2771 993 2834 ergo
1016 2771 1084 2812 non
1106 2753 1185 2812 sunt
1201 2750 1294 2834 plene

245 2861 261 2886 ‘⁴
284 2851 437 2936 exempti,
453 2853 507 2918 vel
522 2851 645 2936 -potius,
663 2873 764 2936 quum
787 2851 898 2914 nullus
922 2851 1027 2936 possit
1050 2861 1118 2916 esse
1141 2851 1177 2914 in
1199 2855 1294 2936 parte

245 2955 423 3018 “liberet
446 2953 482 3018 in
504 2959 598 3042 parte
621 2975 744 3032 servus,
769 2953 858 3018 nullo
882 2951 979 3018 modo
1002 2957 1080 3016 sunt
1103 2951 1279 3038 exempti.”

1332 2333 1336 2360 l

245 3233 293 3300 De
316 3233 543 3300 subtilissime
571 3233 789 3320 responsione
814 3233 947 3300 raone
983 3231 1146 3300 nonant
1172 3239 1201 3300 et
1232 3233 1292 3300 ad-

333 3341 528 3402 uocatorum
572 3335 642 3422 ejus
688 3335 801 3402 circu.
824 3335 1145 3422 interpretationem
1177 3331 1292 3422 preivi-

334 3437 508 3524 topiorum.
1060 3437 1061 3440 ’

287 3593 333 3660 Et
356 3617 459 3680 quum
490 3599 682 3680 perorasset,
716 3595 869 3680 respondi
900 3617 959 3680 ego
991 3593 1110 3674 dicens,
1136 3593 1292 3662 “Mirum

246 3701 263 3732 “
286 3697 366 3768 mihi
389 3697 523 3764 videtur
540 3697 682 3784 qualiter
704 3697 911 3764 adversarius
935 3701 1048 3762 noster
1070 3719 1190 3782 ponere
1207 3721 1241 3762 os
1256 3697 1293 3764 111

245 3803 262 3832 “
284 3800 403 3864 coelum
425 3821 524 3864 ausus
547 3801 599 3880 sit,
629 3799 738 3866 dicens
762 3799 935 3886 privilegia
962 3799 1104 3866 Romani
1128 3801 1291 3886 pontificis

245 3903 395 3968 “nullus
418 3923 486 3968 esse
509 3905 668 3968 momenti
693 3925 795 3990 quum
811 3903 911 3968 etiam
934 3899 1107 3968 iusta1·sit
1130 3903 1292 3988 sacrilegii

245 4007 264 4038 “
287 4005 327 4070 de
342 4005 507 4072 sententia
522 4005 590 4092 ejus
608 4003 781 4092 disputare.
829 4007 939 4086 Quum
955 4005 1044 4070 enirn
1055 4005 1143 4072 dicta
1157 4005 1291 4070 testium

245 4113 262 4140 “
284 4095 462 4174 secuudum
485 4109 572 4196 leges
596 4109 647 4172 ita
674 4109 740 4174 sint
764 4109 1014 4196 interpretanda
1040 4113 1080 4172 ut
1105 4109 1167 4172 sibi
1198 4107 1291 4172 adin-

245 4217 263 4244 “
286 4211 390 4276 vicem
405 4231 474 4276 non
488 4211 557 4274 sint
572 4211 736 4274 contraria
753 4233 794 4276 ne
816 4213 917 4276 testes
941 4209 1078 4298 periurii
1101 4213 1290 4298 arguantur,
1365 4259 1367 4264 -

245 4317 264 4346 “
285 4313 391 4378 multo
414 4313 534 4378 fortius
549 4313 722 4400 privilegia
737 4313 856 4378 summi
873 4313 1039 4400 pontificis
1055 4313 1197 4402 benigne
1213 4315 1292 4376 suut

244 4419 262 4448 ‘¹
284 4415 598 4504 interpretandam
623 4415 708 4482 sicut
728 4413 906 4506 nunquam
919 4421 1056 4506 possunt
1080 4405 1148 4482 esse
1170 4415 1292 4492 inania,

244 4527 261 4552 “
283 4521 332 4588 ita
353 4543 413 4590 nec
443 4521 507 4586 sibi
537 4543 685 4608 unquam
708 4523 777 4586 sint
798 4519 991 4586 contraria.’'
1047 4521 1093 4586 Et
1126 4525 1202 4608 post
1232 4519 1292 4584 hoc

552 4853 555 4866 ἱ
605 4797 937 4866 ι00001110]001101110118.
