3300 5666
437 769 636 824 onsourcou
650 773 806 824 senune
821 773 868 824 nu
891 773 1059 826 uvnsnsn
1231 763 1272 830 19

226 963 400 1022 velationem
429 983 597 1038 agnoscens,
630 965 792 1022 convocatis
823 965 962 1024 fratribus
994 971 1023 1040 et
1042 965 1269 1022 obsecundariis
1292 965 1360 1020 ΑΛ).
1373 965 1428 1020 714².

205 1055 206 1058 ’
227 1049 309 1118 meis,
335 1067 483 1108 excessum
507 1051 663 1108 venerandi
683 1053 774 1122 patris
794 1051 835 1108 eis
848 1051 966 1122 aperui;
988 1043 1164 1122 concitoque
1176 1049 1270 1122 gradu
1321 1051 1322 1054 ’

226 1135 262 1190 ad
279 1135 376 1192 locum
394 1135 444 1190 ubi
464 1153 583 1192 sacrum.
597 1153 701 1208 corpus
720 1135 783 1208 ejus
799 1135 923 1208 jacebat,
945 1137 1155 1208 quinquaginta
1178 1135 1270 1190 ferme

224 1219 342 1276 milibus
361 1221 437 1276 ultra
455 1219 644 1276 Meldunense
662 1221 885 1276 monasteriuml
905 1221 1032 1292 positum
1051 1219 1164 1286 deveni,
1187 1225 1217 1274 et
1235 1219 1272 1274 ad

224 1305 403 1376 sepulturam
423 1301 528 1374 adduxi
546 1311 584 1360 *et
606 1303 762 1360 honorifice
782 1305 913 1376 sepelivi,
937 1303 1075 1358 mandans
1094 1307 1129 1358 ut
1148 1303 1180 1358 in
1202 1321 1272 1374 quo-

224 1405 344 1458 cunque
360 1389 423 1442 loco
438 1405 564 1442 sacrum
584 1405 695 1458 corpus·
707 1387 738 1442 in
766 1389 958 1458 asportatione
984 1393 1156 1460 pausaverat
1181 1405 1271 1444 sacrae

136 1463 137 1466 ¹
223 1473 317 1528 crucis
330 1473 513 1542 erigerentur
526 1471 684 1544 signacula.
722 1471 793 1526 Post
805 1489 863 1526 non
875 1473 1001 1526 multum
1013 1477 1128 1542 tempus
1141 1473 1269 1526 famosus

157 1565 159 1568 '
221 1561 319 1612 rexet
336 1557 408 1610 mihi
426 1557 585 1626 plurimum
605 1557 725 1622 amicus,
746 1555 910 1622 Kenredus,
932 1559 961 1610 et
980 1553 1043 1610 Offa
1061 1573 1113 1612 rex
1137 1555 1269 1612 Orienta-

220 1641 293 1694 lium
316 1635 489 1712 Anglorum,
516 1639 639 1694 Romanu
662 1641 705 1694 ire
730 1639 924 1710 disponentes,
951 1639 1130 1710 rogaverunt
1159 1657 1205 1694 me
1236 1643 1270 1692 ut

221 1741 315 1796 comes
328 1727 357 1778 et
370 1723 465 1780 socius
482 1721 596 1780 itineris
608 1741 708 1778 eorum
728 1725 891 1784 existerem.
907 1771 909 1776 .
931 1723 1015 1792 Quod
1031 1725 1191 1796 negotium,
1205 1721 1283 1778 tum'

221 1809 288 1880 quia
306 1809 421 1864 omnino
446 1827 560 1864 eramus
579 1809 693 1866 obnoxii
713 1809 749 1864 ad
766 1809 900 1874 invicem,
915 1809 1021 1866 ‘libens
1046 1811 1185 1876 concessi,
1205 1813 1268 1864 tum

221 1893 288 1964 quia
302 1897 428 1964 creptum
447 1911 519 1964 opus
539 1891 582 1946 ad
593 1899 723 1964 optatum
735 1893 822 1946 finem
831 1895 893 1964 J'am
906 1893 1098 1964 expleveram,
1113 1893 1281 1964 ipsumque*

168 2045 169 2050 Ἰ
219 1995 289 2048 opus
309 1977 466 2048 apostolica
484 1975 648 2030 confirmari
668 1977 838 2032 auctoritate
863 1977 1006 2048 optabam,
1033 1981 1063 2030 et
1089 1975 1125 2030 ab
1149 1975 1212 2048 ipso
1236 1977 1268 2030 in

217 2065 365 2132 posterum
378 2059 472 2114 eidem
485 2061 615 2114 ecclesiae
628 2059 821 2116 omnimodam
833 2061 998 2116 libertatem
1011 2059 1055 2114 ab
1066 2059 1266 2132 episcoporum

218 2133 414 2200 exactionibus
434 2137 562 2208 obtinere
582 2143 758 2216 satagebam.
797 2143 931 2210 Volebat,
957 2143 1100 2210 monebat,
1127 2143 1214 2200 etiarn
1233 2149 1277 2198 ut¹

216 2229 247 2286 id
270 2245 455 2302 procurarem
473 2249 525 2284 rex
542 2229 697 2288 Kenredus
716 2231 753 2286 ad
772 2231 854 2302 cujus
873 2231 927 2286 hoc
947 2231 1140 2302 patrocinium
1163 2231 1264 2286 attine-

215 2315 271 2370 bat.
293 2315 406 2386 ¹Igitur
418 2315 539 2370 Romam
558 2315 651 2372 amica
668 2315 781 2372 itineris
801 2315 937 2372 societate
956 2315 1088 2386 profecti,
1110 2315 1146 2370 ad
1163 2315 1265 2370 limina

216 2405 381 2456 sanctorum
405 2397 611 2470 Apostolorum
636 2399 855 2456 conscendimus
880 2417 912 2454 ac
931 2399 1042 2456 debitas
1067 2399 1129 2454 Deo
1154 2399 1263 2470 gratias

215 2483 400 2550 exsolvimus,
428 2483 496 2554 qnia
521 2487 582 2540 tarn
605 2501 658 2540 nos
684 2501 771 2556 quam
797 2477 894 2538 omnia
916 2489 1016 2540 nostra
1045 2485 1204 2540 incolurnes
1234 2489 1286 2540 et

210 2567 330 2638 jocundi
343 2567 478 2622 ieramus.
517 2567 593 2620 Dein
611 2569 749 2622 Romanae
762 2573 791 2622 et
803 2567 969 2638 apostolicae
981 2569 1092 2636 apicem
1109 2567 1261 2636 dignitatis

212 2651 309 2708 debita
327 2669 393 2706 cum
412 2651 576 2708 reverentia
593 2651 741 2716 adeuntes,
762 2669 858 2704 coram
881 2647 957 2720 [eo²]
977 2649 1114 2722 ingressi,
1135 2649 1260 2720 benigne

212 2735 281 2792 satis
302 2741 331 2790 et
349 2735 385 2790 ad
402 2741 507 2808 votum
521 2735 556 2788 ab
575 2753 608 2790 eo
627 2735 736 2792 t'uimus
745 2735 876 2808 excepti.
915 2735 1068 2792 Postulata
1088 2741 1119 2790 et
1142 2741 1260 2808 accepta

212 2831 307 2874 coram
327 2837 360 2874 eo
378 2819 492 2874 dicendi
511 2819 636 2884 licentia,
657 2819 770 2876 itineris
790 2825 819 2874 et
836 2819 944 2876 laboris
963 2819 1055 2874 nostri
1073 2835 1190 2874 causam
1204 2819 1259 2874 sibi

211 2903 387 2974 aperuimus,
403 2903 524 2976 ejusque
543 2903 697 2958 consilium,
716 2909 745 2958 et
763 2903 903 2960 auxilium
916 2903 1136 2974 exquisivimus.
1166 2903 1258 2960 Aust

210 2989 305 3052 vimus
332 2993 429 3060 optata
451 2987 626 3060 dignationis
653 2987 716 3060 ejus
747 3005 894 3060 responsa,
920 2995 951 3044 et
977 3007 1022 3044 ex·
1035 2989 1166 3044 condicto
1193 3007 1258 3060 quae

210 3073 443 3146 disposueramus
465 3079 532 3130 vota
559 3079 588 3128 et
618 3073 692 3128 dona
716 3073 777 3128 Deo
806 3073 860 3128 sub
881 3073 1047 3130 testimonio
1074 3079 1162 3128 tantae
1190 3077 1257 3128 auc·

209 3157 333 3214 toritatis
345 3157 520 3222 (offerentes,
547 3157 716 3214 donavimus
741 3157 802 3212 Deo
830 3161 860 3210 et
875 3187 876 3190 =
890 3157 996 3212 sanctis
1014 3155 1163 3228 Apostolis
1182 3155 1255 3226 Ejus

208 3245 237 3294 et
260 3239 389 3296 ecclesiae
413 3241 549 3296 Romanae
575 3241 629 3296 sub
656 3257 744 3294 manu
762 3245 792 3294 et
810 3239 1000 3310 dispositione
1025 3241 1147 3296 Romani
1172 3257 1254 3312 papae

208 3323 369 3382 coenobium
392 3323 726 3394 Eoveshamensequod
750 3329 984 3380 exstruxeramus
1009 3323 1110 3380 multis
1141 3341 1254 3396 posses-

207 3407 341 3464 sionibus
353 3409 540 3480 ampliatum3
568 3413 720 3478 totumque
746 3409 872 3472 liberum
896 3425 993 3464 coram
1012 3407 1074 3462 Deo
1093 3413 1123 3464 et
1142 3409 1252 3466 sanctis

206 3491 353 3564 Apostolis
372 3493 444 3564 Ejus
464 3497 492 3548 et
511 3511 607 3548 coram
626 3509 739 3548 summo
759 3491 987 3552 Christianitatis
1000 3491 1134 3562 pontifice
1153 3493 1252 3564 ipsum

205 3575 299 3632 locum
323 3593 386 3632 esse
412 3575 615 3640 concessimus,
642 3574 822 3646 fecimusque
851 3575 1017 3646 apostolica
1033 3581 1062 3630 et
1081 3575 1164 3648 regia
1188 3587 1250 3630 cor·

206 3659 333 3716 roborari
353 3659 522 3714 auctoritate
542 3659 708 3714 donationes
728 3665 758 3714 et
775 3659 931 3730 privilegia
950 3677 1014 3728 quas
1033 3659 1078 3714 illi
1102 3659 1165 3714 loco
1182 3677 1248 3714 con-

205 3759 391 3798 cesseramus.
430 3743 609 3798 Praesidebat
632 3749 700 3800 tunc
725 3745 862 3798 Romanae
887 3743 959 3798 sedi'
973 3743 1149 3800 reverendus
1174 3761 1249 3814 papa

206 3825 425 3892 Constantinum
452 3827 536 3898 cujus
557 3827 657 3884 literas
684 3833 714 3882 st
734 3823 935 3884 auctoritatem
955 3821 1246 3884 et'confirmationem

204 3927 296 3984 super
307 3911 361 3966 hac
380 3909 531 3966 donatione
550 3917 579 3966 et
596 3911 730 3966 libertate
750 3929 816 3964 cum
833 3911 1024 3982 impressione
1042 3911 1134 3982 ipsius
1155 3911 1247 3982 sigilli

203 3995 401 4066 suscipientes,
416 3993 570 4050 admodum
581 3995 672 4050 laetati
685 4013 793 4050 sumus.
827 3995 884 4050 His
896 3995 939 4050 ita
950 3995 1065 4052 omnino
1081 3993 1118 4050 ad
1127 3993 1246 4050 libitum

202 4085 333 4134 nostrum
342 4077 473 4148 expletis,
483 4079 609 4150 expetita
621 4079 656 4132 ab
669 4077 824 4148 apostolico
836 4079 1043 4144 benedictione,
1055 4095 1167 4134 summo
1180 4097 1246 4132 cum

202 4161 328 4232 tripudio
346 4159 474 4216 reditum
491 4161 634 4232 aggressi,
656 4163 807 4216 arridente.
819 4161 900 4218 nobis
920 4157 1000 4220 felici
1019 4163 1142 4226 fortuna,
1163 4179 1244 4230 pros-

201 4247 326 4316 perrimo
353 4263 457 4308 rerum¹
476 4245 603 4300 omnium
621 4249 785 4298 nostrarum
812 4243 957 4310 utatu,²in
979 4247 1119 4316 Angliam
1138 4261 1237 4300 sumus

201 4329 318 4386 reversi.
341 4327 451 4396 Deinde
464 4333 529 4400 post
540 4345 663 4400 parvum
674 4333 793 4398 ternpus-
802 4329 977 4384 reversionis
989 4333 1104 4394 nostroe,
1117 4345 1152 4382 ex
1160 4343 1240 4382 man·
1254 4349 1310 4402 The

202 4411 266 4466 dato
284 4413 440 4482 apostolico
452 4413 509 4468 fnit
521 4413 684 4482 sapientum
696 4417 853 4468 conventus
865 4413 897 4466 in
909 4413 972 4466 loco
991 4413 1041 4482 qui
1053 4411 1240 4472 Alneoeastre
1257 4415 1368 4468 Witeua-

201 4501 326 4560 vocatur,
347 4499 376 4550 et
394 4493 547 4550 Kenredus
566 4513 618 4550 rex
629 4495 761 4552 omnibus
782 4495 858 4566 quod
877 4495 977 4550 Romae
995 4495 1155 4550 feceramus
1168 4497 1240 4550 noti·
1255 4491 1339 4544 gelmi
1351 4493 1376 4534 et

201 4579 304 4644 ficavit,
318 4579 401 4636 nobis
414 4579 451 4634 ad
464 4583 599 4634 aternam
611 4579 833 4636 retributionem
845 4585 874 4634 et
887 4581 1101 4634 successoribus
1114 4581 1221 4636 nostris
1232 4603 1239 4646 ;
1255 4549 1378 4606 Aloesllf·

233 4775 239 4802 ¹
251 4773 429 4846 nonasterium]
443 4773 627 4836 monasterium,
638 4771 694 4824 MS.
749 4771 754 4838 Ι
806 4773 936 4822 ²1nseaed
947 4773 982 4838 by
993 4787 1008 4826 a
1019 4773 1081 4822 later
1091 4773 1167 4822 hand.

1042 4841 1106 4902 132
