3300 5666
441 793 647 842 ¹canonicor
670 787 825 842 Assaria
848 787 894 842 nu
919 787 1086 842 evaseram.
1269 773 1290 844 t

227 985 319 1058 tum,
344 979 402 1064 qui
424 979 512 1044 inter
535 979 673 1064 corporis
698 979 747 1042 sui
771 1001 935 1066 pressuras
959 983 991 1042 et
1014 977 1209 1064 abjectiones
1232 989 1457 1044 ncommaloc.

238 1081 419 1146 mundanas
448 1081 560 1146 laudes
591 1081 736 1166 captavit
750 1111 751 1114 ¹
767 1103 824 1148 nec
853 1087 1002 1168 aspectus
1040 1079 1209 1148 hominum
1241 1103 1289 1146 re-

218 1181 386 1248 ‘cusavitl

666 1479 794 1544 naono
812 1481 850 1544 V.

281 1643 431 1728 Denique
453 1639 537 1708 ferro
560 1641 680 1708 vinctis
704 1643 842 1728 pedibus
867 1643 1004 1718 Romam
1026 1643 1217 1730 ingreditur,
1242 1651 1283 1722 et,
1315 1715 1316 1718 ,

139 1833 141 1838 ,
236 1745 323 1832 quod
347 1745 489 1810 maxime
512 1737 717 1830 quaesiverat
740 1745 775 1808 in
800 1745 930 1810 ecclesia
958 1745 1045 1834 beati
1070 1745 1161 1812 Petri
1191 1769 1284 1832 apos·
1392 1779 1393 1782 ¹

232 1849 372 1914 telorum
390 1847 554 1934 principis,
575 1847 616 1912 ad
638 1847 817 1912 orationem
833 1841 1057 1934 prosternitur.
1094 1847 1189 1926 Quod
1205 1851 1284 1914 dum
1315 1835 1316 1838 Ἴ

156 2027 159 2036 λ
231 1951 435 2032 νίΡἸξᾶΠοὺῑιε
450 1949 604 2036 vigilanti
628 1973 705 2016 cura
726 1951 862 2038 peragit,
887 1949 1095 2038 omnipotens
1112 1949 1201 2014 Deus
1224 1971 1283 2036 pro

232 2075 323 2118 servo
348 2071 409 2118 suo
428 2039 562 2140 vidilare
579 2075 645 2118 non
662 2051 798 2118 desistit.
845 2053 984 2118 Interim
1005 2075 1145 2140 namque
1168 2053 1281 2116 famuli

231 2155 299 2240 ejus
323 2177 379 2240 pro
404 2155 483 2220 cibis
506 2155 651 2220 emendis
674 2157 716 2218 ad
738 2157 860 2220 flumen
883 2159 1036 2242 pergunt,
1061 2155 1179 2240 quibus
1202 2177 1281 2220 ven·

229 2257 348 2322 ditores
377 2257 498 2342 piscem
529 2259 678 2336 offermrt
712 2279 776 2342 quo
800 2263 910 2344 empto
935 2263 968 2322 et
991 2261 1157 2344 asportato
1182 2263 1279 2322 etex

229 2381 316 2426 more
332 2361 501 2426 condiendi
518 2367 714 2438 exenterato
729 2361 963 2448 omnipotentis
979 2349 1042 2426 Dei
1058 2359 1281 2434 munificentia

230 2465 421 2548 compedum
456 2463 645 2528 claviculam
683 2465 802 2550 quibus
833 2465 885 2528 vir
911 2469 1047 2528 ¹sarmtus
1076 2463 1174 2552 pedes
1205 2483 1278 2528 suos
1293 2485 1437 2552 Thekeyis

228 2567 425 2632 astrinxerat
436 2567 472 2630 in
484 2565 672 2630 visceribus1
690 2567 787 2650 piscis
798 2565 983 2644 inveniunt,
996 2567 1180 2650 ferrumque
1191 2567 1279 2650 quod
1292 2555 1406 2668 {flgflglelilfl

228 2667 385 2752 Anglicus
406 2665 526 2734 fluvius
550 2669 769 2744 absorbuerat,
797 2667 963 2732 Romanus
989 2667 1115 2732 Tiberis
1137 2665 1276 2732 exhalat.
1292 2635 1413 2734 efafishy

229 2769 291 2832 Pro
314 2769 451 2852 antiquo
475 2769 576 2854 igitur
599 2773 719 2834 statere
743 2767 898 2856 piscantis
922 2769 1020 2846 Petri,
1036 2789 1142 2834 coram
1165 2767 1278 2832 multis
1291 2751 1422 2870 {ffggffi}

226 2871 373 2936 redditur
389 2867 546 2936 clavicula
561 2871 683 2936 famulo
696 2871 828 2950 Christi,
842 2893 905 2958 qua
921 2893 954 2936 sc
970 2873 1068 2936 sciret
1083 2869 1281 2942 solvendum
1423 2857 1428 2870 ⁸

226 2975 332 3060 gratia
362 2975 475 3062 ipsius*-
495 2975 636 3040 coelestis
670 2975 834 3060 clavigeri:
886 2975 1078 3062 ¹Intelligens
1101 2975 1203 3062 igitur
1225 2975 1278 3038 vir

227 3077 289 3140 Dei
311 3077 566 3164 peregrinationi
596 3083 772 3162 assumptae
800 3077 906 3142 inesse
930 3077 1084 3142 fructum¹
1097 3087 1130 3142 et
1154 3081 1275 3162 optatae

226 3179 444 3246 exauditionis
469 3179 629 3260 effectum,
656 3199 714 3266 per
737 3179 846 3244 omnia
868 3179 1033 3244 voluntati
1056 3179 1120 3244 Dei
1142 3201 1176 3246 se
1199 3179 1275 3246 sub-

221 3281 345 3366 jiciens,
371 3303 477 3344 coram
500 3281 625 3346 cunctis
640 3281 771 3346 ,clavem
796 3273 921 3368 accepit
945 3287 977 3344 et
1000 3281 1273 3368 vinculaquibus

223 3383 462 3468 astringebatur
498 3383 662 3466 reseravit.
739 3383 845 3448 Tanta
882 3383 1029 3446 miraculi
1070 3385 1216 3448 nouitas¹
1238 3387 1273 3450 in

224 3503 332 3548 omnes
357 3483 471 3568 erupit,
489 3469 626 3548 Romam
641 3483 764 3568 implet.
811 3483 876 3562 Qui
892 3483 1083 3548 miserabilis
1099 3503 1135 3546 ac
1151 3485 1271 3552 noxius
1369 3489 1370 3492 ’

223 3587 409 3670 putabatur,
449 3591 578 3650 sanctus
610 3593 644 3652 ct
673 3577 868 3650 uenerabilis
908 3587 1141 3672 comprobatur.
1190 3589 1271 3668 Quis

223 3689 315 3752 illum
339 3687 450 3754 videre
472 3709 539 3754 non
562 3690 732 3754 certabat?
778 3687 858 3770 Quis
890 3689 930 3754 ab
958 3711 995 3770 cc
1025 3689 1173 3756 benedici
1203 3715 1270 3756 non

222 3791 419 3856 festinabat?
464 3791 539 3878 Ipse
563 3793 661 3856 etiam
684 3791 889 3856 venerandus
920 3793 1005 3876 papa
1022 3789 1267 3870 Constantinus,

223 3883 350 3978 cognito
391 3893 494 3958 sancti
530 3893 593 3956 viri
623 3893 769 3958 adventu
803 3899 836 3958 et
871 3893 1042 3970 solutionis
1077 3891 1268 3980 compedum
1282 3917 1392 3982 egwina

221 3995 372 4062 miraculo
410 3995 590 4082 praelibatc,
629 3995 751 4060 auditis
789 3995 888 4062 ctiam
925 3994 1088 4072 laboribus
1127 3995 1196 4082 ejus
1235 3985 1423 4064 epfavourable

221 4099 378 4186 angustiis
409 4099 444 4162 in
466 4091 582 4164 itincre
605 4095 771 4184 perpessis,
795 4099 888 4164 illum
911 4097 953 4162 ad
984 4097 1022 4162 se
1048 4097 1158 4162 venire
1182 4101 1266 4180 fecit,
1281 4063 1406 4184 ibciltem

219 4201 381 4268 volentem
397 4201 460 4268 sibi
474 4201 634 4288 prosterni
647 4201 745 4288 digna
760 4199 942 4268 reverentia
957 4199 1108 4276 detinuit,
1122 4207 1155 4266 et
1171 4223 1265 4288 quem
1280 4187 1302 4238 P
1303 4203 1354 4254 ope.

220 4305 411 4370 auctoritate
457 4305 631 4394 apostolica
686 4305 858 4370 benedixit
903 4309 1037 4390 propter
1082 4305 1275 4388 sanctitatis

219 4407 371 4472 meritum
394 4407 435 4472 ab
460 4429 496 4472 eo
519 4405 779 4472 benedictionem
803 4407 952 4492 suscepit.
996 4475 997 4478 ,
1037 4423 1038 4426 ’

524 4727 531 4756 ¹
544 4725 686 4790 visceribus]
702 4727 832 4792 viceribus,
845 4729 900 4780 MS*
