3300 5666
347 825 410 888 111
554 829 760 884 ’0111101110011
775 821 990 882 sosarinus
1013 823 1180 880 1111οΗ111.

185 1019 333 1070 1111104.
347 1009 447 1086 beret,
470 1007 557 1092 quod
583 1027 791 1092 nequaquam
824 1005 881 1098 1111
897 1007 980 1070 mihi
1015 1005 1285 1086 observaverunt,
1310 1005 1395 1072 sicut

349 1133 391 1174 ex
412 1115 487 1194 post
508 1109 594 1172 facto
617 1109 744 1194 plenius
760 1109 855 1174 vobis
876 1109 1011 1194 patebit.
1058 1109 1190 1176 Fratres
1224 1131 1300 1176 vero
1323 1109 1394 1176 Deo
1437 1167 1439 1170 .

292 1281 293 1284 Ἴ
350 1217 384 1274 et
417 1209 523 1274 beatae
541 1209 669 1276 Mariae
703 1215 736 1276 et
771 1211 869 1276 beato
896 1211 1054 1298 Ecgwino
1085 1217 1119 1276 et
1153 1211 1224 1278 aliis
1247 1211 1395 1298 patronis

350 1313 448 1404 hujus
480 1311 621 1406 ecclesiae
656 1317 694 1402 et⁸
724 1313 806 1378 mihi
831 1337 963 1380 causam
991 1335 1082 1378 suam
1106 1319 1140 1380 et
1163 1315 1305 1398 ecclesiae
1328 1337 1395 1382 succ

351 1419 426 1480 cum
463 1437 591 1480 summa
623 1415 795 1482 devotione
828 1421 862 1482 et
879 1417 974 1482 'fletu
1006 1417 1265 1500 committebant.
1326 1417 1396 1504 Ego

351 1541 428 1584 vero
452 1517 491 1582 de
514 1517 733 1584 misericordia
756 1519 820 1584 Dei
843 1523 877 1584 et
900 1521 1006 1586 beatae
1033 1519 1147 1586 Mariae
1170 1527 1204 1586 ct
1227 1523 1398 1606 praedicto-

351 1641 425 1684 rum
446 1625 657 1706 patronorum
676 1625 860 1688 nostrorum
887 1621 1012 1688 meritis
1036 1627 1069 1688 et
1091 1621 1230 1688 fratrum
1247 1609 1398 1688 orationi-

221 1797 222 1800 ,
352 1725 414 1788 bus
437 1725 577 1790 confisus
600 1725 664 1790 iter
679 1719 761 1790 mihi
785 1725 970 1810 injunctum
987 1725 1196 1790 devotissime
1220 1717 1398 1796 obediendo

218 1835 222 1840 “
277 1899 278 1904 1
353 1825 486 1912 suscepi,
510 1849 584 1892 cum
606 1827 782 1910 lachrymis
805 1833 838 1890 et
863 1827 995 1910 ejulatu,
1020 1825 1201 1912 adjungens
1225 1825 1401 1910 quodnisi

349 1929 389 1994 in
427 1949 523 2000 causa
560 1929 769 2016 proprietatis
805 1929 987 1994 obtinerem
1018 1929 1212 1994 irrediturus
1245 1927 1334 2006 irem,
1367 1931 1401 1994 et

354 2053 522 2116 nunquam
545 2033 609 2096 nisi
632 2033 668 2096 in
690 2053 789 2116 regno
813 2029 968 2096 coelorum
991 2051 1102 2094 eorum
1124 2029 1223 2096 facies
1247 2031 1399 2096 viderem.

354 2133 589 2220 Proposueram
612 2133 699 2198 enim
727 2133 754 2198 si
777 2131 884 2198 victus
900 2129 1041 2196 'fuissem
1072 2153 1123 2196 me
1146 2131 1240 2218 apud
1259 2129 1401 2218 aliquem

353 2239 460 2302 locum
494 2235 683 2322 religiosum
716 2237 752 2300 in
786 2233 867 2300 urbe
899 2239 1032 2300 tantum
1066 2233 1227 2300 damnum
1262 2235 1403 2302 ecclesiae

355 2341 474 2404 nostrae
497 2361 554 2424 per
570 2359 627 2402 me
650 2337 780 2404 illatum
803 2337 953 2402 deflendo
977 2339 1062 2404 diem
1085 2337 1271 2402 clausurum
1294 2341 1402 2404 extre-

356 2465 454 2508 mum.
500 2441 584 2508 Tota
610 2441 699 2508 enim
717 2441 782 2508 fere
806 2441 921 2528 patria,
944 2441 984 2508 de
999 2441 1138 2506 victoria
1158 2445 1271 2506 nostra
1293 2441 1404 2528 despe-

357 2567 441 2622 rans,
465 2567 523 2630 per
546 2545 823 2632 presumptionem
858 2567 964 2610 meam
988 2549 1021 2610 et
1049 2545 1235 2630 superbiam
1271 2547 1411 2624 tantam¹

270 2671 271 2676 ¹
359 2667 489 2712 causam
512 2651 544 2710 et
569 2649 639 2710 tam
660 2647 796 2710 arduam
819 2667 917 2732 supra
939 2645 1025 2712 vires
1062 2651 1191 2712 nostras
1223 2667 1282 2712 nos
1304 2645 1404 2710 fuisse

358 2769 522 2834 aggressos
545 2749 715 2814 asserebat.
767 2735 768 2742 ¹

345 3001 409 3066 ,De
431 2997 544 3086 0111110
575 3001 723 3066 adveatu
752 2999 885 3068 11100110
920 2999 1079 3066 1001100111
1102 3009 1131 3066 et
1154 3001 1237 3066 socii
1268 3001 1338 3088 ejus
1361 2999 1407 3066 od

551 3101 707 3182 scuriam,
731 3111 760 3168 et
782 3101 869 3188 quid
891 3111 973 3170 tuac
996 3103 1048 3170 c'bc'
1070 3103 1206 3188 egerint.

195 3281 351 3344 merleberge
407 3261 551 3346 Accepta
582 3261 695 3346 itaque
716 3235 954 3338 benedictione,
978 3263 1162 3326 valedicens
1185 3261 1350 3340 fratribus,
1374 3263 1408 3326 in

194 3347 276 3474 ssffif
286 3347 351 3396 sve·
364 3363 416 3428 die
451 3361 556 3428 sancti
580 3363 749 3428 Michaelis
783 3385 857 3428 cum
882 3363 1040 3446 praedicto
1073 3365 1186 3428 clerieo
1217 3367 1250 3428 et
1282 3365 1409 3428 duobus
1444 3407 1445 3410 =

196 3485 227 3530 10
241 3479 306 3542 sept.
365 3465 582 3530 servientibus
604 3465 640 3530 in
662 3465 791 3532 duobus
813 3465 904 3550 equis
927 3467 992 3530 iter
1015 3465 1148 3550 a1ripui,
1172 3469 1206 3530 et
1230 3467 1410 3552 quadrage-

195 3547 331 3662 {fflss’effi}
365 3569 446 3634 simo
462 3569 515 3634 die
529 3589 672 3634 recessus
689 3569 795 3634 nostri
817 3591 876 3654 per
898 3569 1039 3656 gratiam
1055 3569 1119 3634 Dei
1133 3591 1193 3654 ego
1218 3573 1253 3634 et
1276 3569 1410 3634 clericus

146 3679 147 3682 ’
195 3677 284 3736 Rome,
365 3695 438 3738 cum
463 3693 545 3756 equo
569 3675 688 3750 nostro,
706 3671 783 3756 quia
805 3673 873 3758 ipse
893 3671 966 3756 jam
989 3677 1056 3736 tres
1083 3677 1279 3752 mutaverat,
1296 3671 1410 3736 urbem

198 3745 288 3794 7Nov.
502 3773 509 3788 .
626 3775 633 3788 ,
703 3775 717 3798 π
1063 3773 1067 3788 ⁸
1315 3777 1322 3788 .

197 3821 252 3872 The
264 3837 325 3886 pope
365 3797 477 3840 sumus
500 3795 644 3862 rngressr.
690 3773 735 3840 bt
751 3797 853 3860 quum
868 3775 910 3838 ad
933 3775 993 3840 hoc
1008 3773 1231 3840 laboraremus
1245 3777 1285 3840 ut
1300 3777 1411 3840 lrteras

197 3889 289 3968 atfirst
366 3877 491 3942 adhoc
514 3877 729 3942 revocatorias
753 3877 975 3940 obtineremus
998 3875 1085 3962 quod
1103 3877 1267 3962 judicium
1290 3899 1412 3964 posses-

198 3959 354 4070 pqpffistqseto
367 3979 489 4044 sorium
511 3979 548 4042 in
562 3977 692 4064 -Anglia
713 3979 975 4064 suspenderetur,
998 3985 1034 4044 et
1060 3999 1157 4064 super
1188 3977 1310 4056 eodem,
1336 3979 1413 4062 quia

198 4085 279 4136 whole
367 4079 449 4146 illud
471 4079 613 4144 maxime
635 4079 839 4158 timebamus,
863 4101 937 4144 cum
956 4079 1081 4166 judicio
1112 4079 1266 4166 petitorio
1293 4081 1335 4144 ad
1358 4079 1414 4144 do-

200 4157 295 4274 ffissetff
308 4215 358 4264 „d
369 4185 495 4248 minum
517 4205 636 4270 papam
658 4183 751 4248 fieret
773 4181 897 4262 relatio,
918 4183 1059 4268 quadam
1082 4183 1144 4260 die,
1168 4205 1269 4266 quum
1292 4183 1334 4246 ad
1354 4181 1413 4248 hoc

200 4277 491 4394 Melegreemuuas
506 4285 708 4350 induxissem
731 4285 882 4364 rationes,
907 4285 1058 4350 dominus
1080 4307 1165 4372 papa
1187 4307 1284 4370 super
1306 4305 1343 4350 eo
1366 4307 1414 4348 10-

200 4359 351 4460 lilibitana
368 4385 566 4454 vocatoriasl
582 4387 666 4452 mihi
680 4387 819 4472 benigne
835 4389 1010 4452 concessit·
1032 4387 1102 4472 Ego
1115 4391 1226 4452 autem
1241 4409 1339 4472 super
1353 4387 1415 4452 hoc

200 4475 277 4526 silva
287 4493 342 4540 01111·
369 4489 465 4556 laetus
488 4489 621 4554 effectus
655 4489 760 4554 obtuli
783 4487 915 4554 domino
934 4511 1043 4574 vpepae
1066 4509 1204 4574 cuppam
1228 4493 1414 4574 argenteam

371 4613 429 4656 sex
450 4613 653 4670 marcarum
677 4595 710 4656 et
733 4613 834 4676 quum
859 4591 999 4676 quadam
1022 4589 1076 4656 die
1100 4589 1305 4656 sollicitarem
1323 4589 1415 4654 illum

679 4815 686 4844 ¹
704 4811 878 4876 revocatorias]
891 4813 1037 4876 revocarias,
1048 4811 1104 4864 MS.
