<?xml version="1.0" encoding="UTF-8"?>
<!DOCTYPE html PUBLIC "-//W3C//DTD XHTML 1.0 Transitional//EN"
    "http://www.w3.org/TR/xhtml1/DTD/xhtml1-transitional.dtd">
<html xmlns="http://www.w3.org/1999/xhtml" xml:lang="en" lang="en">
 <head>
  <title>
</title>
<meta http-equiv="Content-Type" content="text/html;charset=utf-8" />
  <meta name='ocr-system' content='tesseract 3.04.00' />
  <meta name='ocr-capabilities' content='ocr_page ocr_carea ocr_par ocr_line ocrx_word'/>
</head>
<body>
  <div class='ocr_page' id='page_1' title='image "./chroniconabbati01marlgoog/chroniconabbati01marlgoog_0382.png"; bbox 0 0 3308 5666; ppageno 0'>
   <div class='ocr_carea' id='block_1_1' title="bbox 420 661 1031 750">
    <p class='ocr_par' dir='ltr' id='par_1_1' title="bbox 420 641 1031 750">
     <span class='ocr_line' id='line_1_1' title="bbox 420 661 1031 750; baseline -0.003 0"><span class='ocrx_word' id='word_1_1' title='bbox 420 685 485 750; x_wconf 70' lang='grc'>3241</span> <span class='ocrx_word' id='word_1_2' title='bbox 540 661 541 666; x_wconf 43' lang='grc'>’</span> <span class='ocrx_word' id='word_1_3' title='bbox 743 663 746 670; x_wconf 9' lang='lat' dir='ltr'>X</span> <span class='ocrx_word' id='word_1_4' title='bbox 846 699 1031 748; x_wconf 80' lang='lat' dir='ltr'>srrmmrx</span> 
     </span>
    </p>
   </div>
   <div class='ocr_carea' id='block_1_2' title="bbox 155 867 1541 2586">
    <p class='ocr_par' dir='ltr' id='par_1_2' title="bbox 155 867 1541 2586">
     <span class='ocr_line' id='line_1_2' title="bbox 155 867 1464 972; baseline -0.003 -24"><span class='ocrx_word' id='word_1_5' title='bbox 155 963 157 972; x_wconf 73' lang='lat'>‚</span> <span class='ocrx_word' id='word_1_6' title='bbox 200 927 201 930; x_wconf 56' lang='lat'><em>=</em></span> <span class='ocrx_word' id='word_1_7' title='bbox 293 885 362 938; x_wconf 88' lang='lat' dir='ltr'><strong>A..D</strong></span> <span class='ocrx_word' id='word_1_8' title='bbox 418 882 516 948; x_wconf 91' lang='lat' dir='ltr'>dente</span> <span class='ocrx_word' id='word_1_9' title='bbox 532 867 572 948; x_wconf 92' lang='lat' dir='ltr'>de</span> <span class='ocrx_word' id='word_1_10' title='bbox 587 905 621 950; x_wconf 89' lang='lat' dir='ltr'>se</span> <span class='ocrx_word' id='word_1_11' title='bbox 637 883 787 952; x_wconf 90' lang='lat' dir='ltr'>emittere</span> <span class='ocrx_word' id='word_1_12' title='bbox 801 883 918 966; x_wconf 88' lang='lat' dir='ltr'>posset.</span> <span class='ocrx_word' id='word_1_13' title='bbox 959 881 1059 946; x_wconf 83' lang='lat' dir='ltr'>Unde</span> <span class='ocrx_word' id='word_1_14' title='bbox 1076 880 1176 945; x_wconf 90' lang='lat' dir='ltr'>datur</span> <span class='ocrx_word' id='word_1_15' title='bbox 1189 881 1333 968; x_wconf 83' lang='lat' dir='ltr'>intelligi</span> <span class='ocrx_word' id='word_1_16' title='bbox 1347 879 1464 968; x_wconf 88' lang='lat' dir='ltr'>quanti</span> 
     </span>
     <span class='ocr_line' id='line_1_3' title="bbox 254 955 1464 1070; baseline -0.002 -22"><span class='ocrx_word' id='word_1_17' title='bbox 254 955 330 1004; x_wconf 76' lang='lat'>¹⁰⁷⁷</span> <span class='ocrx_word' id='word_1_18' title='bbox 332 959 405 1006; x_wconf 70' lang='lat'>¹⁰⁸⁵</span> <span class='ocrx_word' id='word_1_19' title='bbox 398 985 505 1070; x_wconf 92' lang='lat' dir='ltr'>apud</span> <span class='ocrx_word' id='word_1_20' title='bbox 536 985 644 1052; x_wconf 89' lang='lat' dir='ltr'>Deum</span> <span class='ocrx_word' id='word_1_21' title='bbox 675 985 743 1050; x_wconf 87' lang='lat' dir='ltr'>sint</span> <span class='ocrx_word' id='word_1_22' title='bbox 777 983 887 1048; x_wconf 88' lang='lat' dir='ltr'>meriti</span> <span class='ocrx_word' id='word_1_23' title='bbox 911 983 970 1068; x_wconf 91' lang='lat' dir='ltr'>qui</span> <span class='ocrx_word' id='word_1_24' title='bbox 992 983 1095 1048; x_wconf 89' lang='lat' dir='ltr'>tantis</span> <span class='ocrx_word' id='word_1_25' title='bbox 1119 983 1207 1070; x_wconf 88' lang='lat' dir='ltr'>apud</span> <span class='ocrx_word' id='word_1_26' title='bbox 1229 983 1378 1048; x_wconf 86' lang='lat' dir='ltr'>homines</span> <span class='ocrx_word' id='word_1_27' title='bbox 1401 983 1464 1050; x_wconf 91' lang='lat' dir='ltr'>ola-</span> 
     </span>
     <span class='ocr_line' id='line_1_4' title="bbox 416 1085 1463 1176; baseline 0.001 -27"><span class='ocrx_word' id='word_1_28' title='bbox 416 1091 549 1152; x_wconf 83' lang='lat' dir='ltr'>resount</span> <span class='ocrx_word' id='word_1_29' title='bbox 570 1087 743 1152; x_wconf 72' lang='lat' dir='ltr'>miraculis,</span> <span class='ocrx_word' id='word_1_30' title='bbox 769 1121 770 1124; x_wconf 32' lang='lat'>¹</span> <span class='ocrx_word' id='word_1_31' title='bbox 806 1085 908 1148; x_wconf 63' lang='lat' dir='ltr'>Nam,</span> <span class='ocrx_word' id='word_1_32' title='bbox 930 1085 1205 1170; x_wconf 83' lang='lat' dir='ltr'>quemadmodum</span> <span class='ocrx_word' id='word_1_33' title='bbox 1242 1109 1262 1150; x_wconf 92' lang='lat' dir='ltr'>a</span> <span class='ocrx_word' id='word_1_34' title='bbox 1293 1085 1463 1176; x_wconf 86' lang='lat' dir='ltr'>veracibus</span> 
     </span>
     <span class='ocr_line' id='line_1_5' title="bbox 416 1187 1463 1266; baseline -0.003 -13"><span class='ocrx_word' id='word_1_35' title='bbox 416 1189 556 1256; x_wconf 86' lang='lat' dir='ltr'>testibus</span> <span class='ocrx_word' id='word_1_36' title='bbox 590 1189 791 1254; x_wconf 88' lang='lat' dir='ltr'>declaratum</span> <span class='ocrx_word' id='word_1_37' title='bbox 821 1193 880 1266; x_wconf 88' lang='lat' dir='ltr'>est,</span> <span class='ocrx_word' id='word_1_38' title='bbox 903 1191 1035 1254; x_wconf 87' lang='lat' dir='ltr'>sanetus</span> <span class='ocrx_word' id='word_1_39' title='bbox 1067 1187 1235 1254; x_wconf 85' lang='lat' dir='ltr'>Oredanus</span> <span class='ocrx_word' id='word_1_40' title='bbox 1257 1189 1463 1252; x_wconf 85' lang='lat' dir='ltr'>venerandus</span> 
     </span>
     <span class='ocr_line' id='line_1_6' title="bbox 417 1289 1500 1376; baseline -0.005 -20"><span class='ocrx_word' id='word_1_41' title='bbox 417 1291 686 1358; x_wconf 84' lang='lat' dir='ltr'>Eoveshamensis</span> <span class='ocrx_word' id='word_1_42' title='bbox 710 1291 811 1358; x_wconf 88' lang='lat' dir='ltr'>abbas</span> <span class='ocrx_word' id='word_1_43' title='bbox 830 1313 909 1356; x_wconf 87' lang='lat' dir='ltr'>oum</span> <span class='ocrx_word' id='word_1_44' title='bbox 924 1291 1068 1376; x_wconf 90' lang='lat' dir='ltr'>pretioso</span> <span class='ocrx_word' id='word_1_45' title='bbox 1091 1291 1248 1356; x_wconf 86' lang='lat' dir='ltr'>miraculo</span> <span class='ocrx_word' id='word_1_46' title='bbox 1271 1291 1312 1354; x_wconf 91' lang='lat' dir='ltr'>de</span> <span class='ocrx_word' id='word_1_47' title='bbox 1335 1289 1463 1354; x_wconf 86' lang='lat' dir='ltr'>tumulo</span> <span class='ocrx_word' id='word_1_48' title='bbox 1496 1313 1500 1328; x_wconf 89' lang='lat'>·</span> 
     </span>
     <span class='ocr_line' id='line_1_7' title="bbox 415 1391 1462 1480; baseline -0.007 -20"><span class='ocrx_word' id='word_1_49' title='bbox 415 1417 474 1460; x_wconf 90' lang='lat' dir='ltr'>suo</span> <span class='ocrx_word' id='word_1_50' title='bbox 496 1393 675 1460; x_wconf 89' lang='lat' dir='ltr'>translatus</span> <span class='ocrx_word' id='word_1_51' title='bbox 699 1397 756 1458; x_wconf 90' lang='lat' dir='ltr'>est.</span> <span class='ocrx_word' id='word_1_52' title='bbox 806 1391 903 1458; x_wconf 76' lang='lat' dir='ltr'>Prius</span> <span class='ocrx_word' id='word_1_53' title='bbox 925 1415 1044 1480; x_wconf 90' lang='lat' dir='ltr'>nempe</span> <span class='ocrx_word' id='word_1_54' title='bbox 1063 1393 1180 1478; x_wconf 88' lang='lat' dir='ltr'>abbati</span> <span class='ocrx_word' id='word_1_55' title='bbox 1204 1397 1284 1458; x_wconf 90' lang='lat' dir='ltr'>tunc</span> <span class='ocrx_word' id='word_1_56' title='bbox 1306 1391 1462 1478; x_wconf 85' lang='lat' dir='ltr'>temporis</span> 
     </span>
     <span class='ocr_line' id='line_1_8' title="bbox 416 1493 1463 1584; baseline -0.004 -24"><span class='ocrx_word' id='word_1_57' title='bbox 416 1497 536 1584; x_wconf 89' lang='lat' dir='ltr'>saepius</span> <span class='ocrx_word' id='word_1_58' title='bbox 567 1517 625 1584; x_wconf 90' lang='lat' dir='ltr'>per</span> <span class='ocrx_word' id='word_1_59' title='bbox 652 1495 761 1562; x_wconf 88' lang='lat' dir='ltr'>visum</span> <span class='ocrx_word' id='word_1_60' title='bbox 792 1495 976 1562; x_wconf 84' lang='lat' dir='ltr'>revelatum</span> <span class='ocrx_word' id='word_1_61' title='bbox 1010 1499 1071 1576; x_wconf 90' lang='lat' dir='ltr'>est,</span> <span class='ocrx_word' id='word_1_62' title='bbox 1099 1499 1138 1560; x_wconf 91' lang='lat' dir='ltr'>ut</span> <span class='ocrx_word' id='word_1_63' title='bbox 1172 1493 1326 1582; x_wconf 80' lang='lat' dir='ltr'>reliquias</span> <span class='ocrx_word' id='word_1_64' title='bbox 1358 1493 1463 1558; x_wconf 87' lang='lat' dir='ltr'>sancti</span> 
     </span>
     <span class='ocr_line' id='line_1_9' title="bbox 395 1595 1541 1694; baseline -0.004 -32"><span class='ocrx_word' id='word_1_65' title='bbox 395 1599 557 1676; x_wconf 78' lang='lat' dir='ltr'>&#39;Oredani</span> <span class='ocrx_word' id='word_1_66' title='bbox 581 1599 621 1664; x_wconf 93' lang='lat' dir='ltr'>de</span> <span class='ocrx_word' id='word_1_67' title='bbox 643 1603 731 1664; x_wconf 88' lang='lat' dir='ltr'>terra</span> <span class='ocrx_word' id='word_1_68' title='bbox 752 1597 927 1662; x_wconf 90' lang='lat' dir='ltr'>sublevans</span> <span class='ocrx_word' id='word_1_69' title='bbox 938 1599 987 1662; x_wconf 66' lang='lat' dir='ltr'>‘in</span> <span class='ocrx_word' id='word_1_70' title='bbox 1009 1597 1128 1664; x_wconf 84' lang='lat' dir='ltr'>feretro</span> <span class='ocrx_word' id='word_1_71' title='bbox 1159 1595 1337 1662; x_wconf 78' lang='lat' dir='ltr'>honorifice</span> <span class='ocrx_word' id='word_1_72' title='bbox 1367 1595 1463 1660; x_wconf 90' lang='lat' dir='ltr'>collo·</span> <span class='ocrx_word' id='word_1_73' title='bbox 1537 1679 1541 1694; x_wconf 29' lang='grc' dir='ltr'><em>Ι</em></span> 
     </span>
     <span class='ocr_line' id='line_1_10' title="bbox 291 1699 1463 1786; baseline 0 -22"><span class='ocrx_word' id='word_1_74' title='bbox 291 1769 293 1772; x_wconf 64' lang='grc'><strong>,</strong></span> <span class='ocrx_word' id='word_1_75' title='bbox 414 1705 509 1766; x_wconf 88' lang='lat' dir='ltr'>earet.</span> <span class='ocrx_word' id='word_1_76' title='bbox 570 1699 784 1766; x_wconf 70' lang='lat' dir='ltr'>Postmodum</span> <span class='ocrx_word' id='word_1_77' title='bbox 807 1721 887 1766; x_wconf 86' lang='lat' dir='ltr'>vero</span> <span class='ocrx_word' id='word_1_78' title='bbox 917 1701 1096 1766; x_wconf 87' lang='lat' dir='ltr'>secundum</span> <span class='ocrx_word' id='word_1_79' title='bbox 1124 1701 1256 1786; x_wconf 82' lang='lat' dir='ltr'>signum</span> <span class='ocrx_word' id='word_1_80' title='bbox 1279 1705 1358 1764; x_wconf 91' lang='lat' dir='ltr'>ante</span> <span class='ocrx_word' id='word_1_81' title='bbox 1379 1721 1463 1784; x_wconf 85' lang='lat' dir='ltr'>prae·</span> 
     </span>
     <span class='ocr_line' id='line_1_11' title="bbox 414 1801 1474 1888; baseline 0 -22"><span class='ocrx_word' id='word_1_82' title='bbox 414 1801 562 1882; x_wconf 61' lang='lat' dir='ltr'>dictum,</span> <span class='ocrx_word' id='word_1_83' title='bbox 579 1801 783 1888; x_wconf 80' lang='lat' dir='ltr'>processione</span> <span class='ocrx_word' id='word_1_84' title='bbox 806 1801 927 1867; x_wconf 85' lang='lat' dir='ltr'>festiva</span> <span class='ocrx_word' id='word_1_85' title='bbox 950 1801 993 1866; x_wconf 88' lang='lat' dir='ltr'>ad</span> <span class='ocrx_word' id='word_1_86' title='bbox 1023 1801 1233 1888; x_wconf 81' lang='lat' dir='ltr'>sepulchrum</span> <span class='ocrx_word' id='word_1_87' title='bbox 1252 1801 1341 1866; x_wconf 91' lang='lat' dir='ltr'>illius</span> <span class='ocrx_word' id='word_1_88' title='bbox 1364 1801 1474 1880; x_wconf 51' lang='lat' dir='ltr'>adve-¹</span> 
     </span>
     <span class='ocr_line' id='line_1_12' title="bbox 413 1903 1460 1990; baseline 0.002 -24"><span class='ocrx_word' id='word_1_89' title='bbox 413 1903 534 1982; x_wconf 88' lang='lat' dir='ltr'>niente,</span> <span class='ocrx_word' id='word_1_90' title='bbox 573 1905 775 1970; x_wconf 88' lang='lat' dir='ltr'>invenerunt</span> <span class='ocrx_word' id='word_1_91' title='bbox 813 1903 968 1990; x_wconf 89' lang='lat' dir='ltr'>reliquias</span> <span class='ocrx_word' id='word_1_92' title='bbox 1003 1903 1074 1988; x_wconf 85' lang='lat' dir='ltr'>ejus</span> <span class='ocrx_word' id='word_1_93' title='bbox 1108 1903 1143 1968; x_wconf 91' lang='lat' dir='ltr'>in</span> <span class='ocrx_word' id='word_1_94' title='bbox 1175 1905 1284 1970; x_wconf 84' lang='lat' dir='ltr'>medio</span> <span class='ocrx_word' id='word_1_95' title='bbox 1322 1905 1460 1980; x_wconf 84' lang='lat' dir='ltr'>duarum</span> 
     </span>
     <span class='ocr_line' id='line_1_13' title="bbox 411 2005 1460 2094; baseline 0 -24"><span class='ocrx_word' id='word_1_96' title='bbox 411 2013 630 2090; x_wconf 85' lang='lat' dir='ltr'>personarum</span> <span class='ocrx_word' id='word_1_97' title='bbox 661 2007 786 2094; x_wconf 87' lang='lat' dir='ltr'>positas</span> <span class='ocrx_word' id='word_1_98' title='bbox 818 2005 911 2072; x_wconf 86' lang='lat' dir='ltr'>velut</span> <span class='ocrx_word' id='word_1_99' title='bbox 944 2027 1062 2070; x_wconf 83' lang='lat' dir='ltr'>aurum</span> <span class='ocrx_word' id='word_1_100' title='bbox 1101 2005 1314 2092; x_wconf 87' lang='lat' dir='ltr'>purissimum</span> <span class='ocrx_word' id='word_1_101' title='bbox 1352 2027 1460 2072; x_wconf 87' lang='lat' dir='ltr'>eoram</span> 
     </span>
     <span class='ocr_line' id='line_1_14' title="bbox 412 2107 1460 2198; baseline 0 -28"><span class='ocrx_word' id='word_1_102' title='bbox 412 2107 513 2174; x_wconf 90' lang='lat' dir='ltr'>oculis</span> <span class='ocrx_word' id='word_1_103' title='bbox 531 2113 729 2176; x_wconf 63' lang='lat' dir='ltr'>,cunctorum</span> <span class='ocrx_word' id='word_1_104' title='bbox 755 2109 1008 2196; x_wconf 69' lang='lat' dir='ltr'>resplendentes.</span> <span class='ocrx_word' id='word_1_105' title='bbox 1038 2109 1132 2198; x_wconf 39' lang='lat' dir='ltr'>¹‚Quo</span> <span class='ocrx_word' id='word_1_106' title='bbox 1164 2109 1258 2194; x_wconf 83' lang='lat' dir='ltr'>signo</span> <span class='ocrx_word' id='word_1_107' title='bbox 1292 2109 1460 2194; x_wconf 69' lang='lat' dir='ltr'>perterriti</span> 
     </span>
     <span class='ocr_line' id='line_1_15' title="bbox 350 2211 1515 2298; baseline 0 -22"><span class='ocrx_word' id='word_1_108' title='bbox 350 2221 351 2224; x_wconf 75' lang='grc'>’</span> <span class='ocrx_word' id='word_1_109' title='bbox 412 2233 524 2276; x_wconf 87' lang='lat' dir='ltr'>omnes</span> <span class='ocrx_word' id='word_1_110' title='bbox 547 2233 621 2298; x_wconf 89' lang='lat' dir='ltr'>eum</span> <span class='ocrx_word' id='word_1_111' title='bbox 644 2213 792 2276; x_wconf 77' lang='lat' dir='ltr'>maxima</span> <span class='ocrx_word' id='word_1_112' title='bbox 814 2213 990 2278; x_wconf 83' lang='lat' dir='ltr'>devotione</span> <span class='ocrx_word' id='word_1_113' title='bbox 1013 2215 1047 2278; x_wconf 90' lang='grc'>11</span> <span class='ocrx_word' id='word_1_114' title='bbox 1070 2213 1257 2278; x_wconf 83' lang='lat' dir='ltr'>reverentia</span> <span class='ocrx_word' id='word_1_115' title='bbox 1280 2211 1459 2276; x_wconf 90' lang='lat' dir='ltr'>honorifico</span> <span class='ocrx_word' id='word_1_116' title='bbox 1512 2257 1515 2262; x_wconf 92' lang='lat'>-</span> 
     </span>
     <span class='ocr_line' id='line_1_16' title="bbox 274 2311 1485 2402; baseline 0.001 -25"><span class='ocrx_word' id='word_1_117' title='bbox 274 2393 275 2396; x_wconf 8' lang='grc' dir='ltr'><strong>Ἴ</strong></span> <span class='ocrx_word' id='word_1_118' title='bbox 302 2355 303 2358; x_wconf 58' lang='lat'><em>=</em></span> <span class='ocrx_word' id='word_1_119' title='bbox 400 2313 529 2398; x_wconf 83' lang='grc'>1111110</span> <span class='ocrx_word' id='word_1_120' title='bbox 553 2335 606 2378; x_wconf 91' lang='grc'>111</span> <span class='ocrx_word' id='word_1_121' title='bbox 629 2315 825 2380; x_wconf 79' lang='lat' dir='ltr'>collocantes</span> <span class='ocrx_word' id='word_1_122' title='bbox 847 2311 1005 2400; x_wconf 84' lang='lat' dir='ltr'>signaque</span> <span class='ocrx_word' id='word_1_123' title='bbox 1028 2315 1206 2400; x_wconf 81' lang='lat' dir='ltr'>pulsantes,</span> <span class='ocrx_word' id='word_1_124' title='bbox 1222 2335 1296 2378; x_wconf 88' lang='lat' dir='ltr'>eum</span> <span class='ocrx_word' id='word_1_125' title='bbox 1311 2315 1459 2402; x_wconf 91' lang='lat' dir='ltr'>tripudio</span> <span class='ocrx_word' id='word_1_126' title='bbox 1482 2313 1485 2336; x_wconf 84' lang='lat'><strong><em>⁵</em></strong></span> 
     </span>
     <span class='ocr_line' id='line_1_17' title="bbox 301 2417 1459 2484; baseline 0.001 -5"><span class='ocrx_word' id='word_1_127' title='bbox 301 2419 303 2424; x_wconf 86' lang='grc'><strong>’</strong></span> <span class='ocrx_word' id='word_1_128' title='bbox 410 2421 445 2480; x_wconf 89' lang='grc'>11</span> <span class='ocrx_word' id='word_1_129' title='bbox 462 2417 625 2482; x_wconf 66' lang='lat' dir='ltr'>„altisonis</span> <span class='ocrx_word' id='word_1_130' title='bbox 659 2417 812 2483; x_wconf 86' lang='lat' dir='ltr'>laudibus</span> <span class='ocrx_word' id='word_1_131' title='bbox 834 2417 1068 2482; x_wconf 84' lang='lat' dir='ltr'>venerabiliter</span> <span class='ocrx_word' id='word_1_132' title='bbox 1094 2417 1131 2484; x_wconf 95' lang='lat' dir='ltr'>in</span> <span class='ocrx_word' id='word_1_133' title='bbox 1154 2417 1321 2482; x_wconf 87' lang='lat' dir='ltr'>ecclesiam</span> <span class='ocrx_word' id='word_1_134' title='bbox 1353 2422 1459 2483; x_wconf 84' lang='lat' dir='ltr'>trans-</span> 
     </span>
     <span class='ocr_line' id='line_1_18' title="bbox 409 2517 565 2586; baseline 0.019 -4"><span class='ocrx_word' id='word_1_135' title='bbox 409 2517 565 2586; x_wconf 89' lang='lat' dir='ltr'>tulerunt.</span> 
     </span>
    </p>
   </div>
   <div class='ocr_carea' id='block_1_3' title="bbox 410 2715 1457 2804">
    <p class='ocr_par' dir='ltr' id='par_1_3' title="bbox 410 2679 1457 2804">
     <span class='ocr_line' id='line_1_19' title="bbox 410 2715 1457 2804; baseline 0.004 -24"><span class='ocrx_word' id='word_1_136' title='bbox 410 2715 461 2780; x_wconf 88' lang='lat' dir='ltr'>Dc</span> <span class='ocrx_word' id='word_1_137' title='bbox 494 2717 642 2804; x_wconf 79' lang='lat' dir='ltr'>quodam</span> <span class='ocrx_word' id='word_1_138' title='bbox 671 2717 841 2784; x_wconf 77' lang='grc'>1111101110</span> <span class='ocrx_word' id='word_1_139' title='bbox 875 2723 1067 2804; x_wconf 75' lang='lat' dir='ltr'>perpetrato</span> <span class='ocrx_word' id='word_1_140' title='bbox 1097 2717 1140 2784; x_wconf 83' lang='grc'>11</span> <span class='ocrx_word' id='word_1_141' title='bbox 1170 2717 1288 2784; x_wconf 81' lang='lat' dir='ltr'>eodem</span> <span class='ocrx_word' id='word_1_142' title='bbox 1325 2715 1457 2784; x_wconf 84' lang='grc'>11111110</span> 
     </span>
    </p>
   </div>
   <div class='ocr_carea' id='block_1_4' title="bbox 607 2813 1256 2906">
    <p class='ocr_par' dir='ltr' id='par_1_4' title="bbox 607 2813 1256 2906">
     <span class='ocr_line' id='line_1_20' title="bbox 607 2813 1256 2906; baseline 0 -22"><span class='ocrx_word' id='word_1_143' title='bbox 607 2843 672 2906; x_wconf 77' lang='lat' dir='ltr'>por</span> <span class='ocrx_word' id='word_1_144' title='bbox 695 2819 830 2886; x_wconf 82' lang='grc'>1111111</span> <span class='ocrx_word' id='word_1_145' title='bbox 853 2819 1048 2886; x_wconf 65' lang='lat' dir='ltr'>Audacem</span> <span class='ocrx_word' id='word_1_146' title='bbox 1057 2825 1172 2906; x_wconf 82' lang='lat' dir='ltr'>aposto</span> <span class='ocrx_word' id='word_1_147' title='bbox 1141 2813 1256 2886; x_wconf 84' lang='grc'>101111.</span> 
     </span>
    </p>
   </div>
   <div class='ocr_carea' id='block_1_5' title="bbox 244 2955 1526 4682">
    <p class='ocr_par' dir='ltr' id='par_1_5' title="bbox 244 2955 1526 4682">
     <span class='ocr_line' id='line_1_21' title="bbox 246 2955 1457 3074; baseline 0 -54"><span class='ocrx_word' id='word_1_148' title='bbox 246 2957 354 3008; x_wconf 79' lang='grc'>’··11)</span> <span class='ocrx_word' id='word_1_149' title='bbox 453 2957 572 3074; x_wconf 62' lang='lat' dir='ltr'>Operm</span> <span class='ocrx_word' id='word_1_150' title='bbox 602 2957 746 3042; x_wconf 88' lang='lat' dir='ltr'>pretium</span> <span class='ocrx_word' id='word_1_151' title='bbox 769 2977 847 3020; x_wconf 87' lang='lat' dir='ltr'>vero</span> <span class='ocrx_word' id='word_1_152' title='bbox 869 2957 963 3028; x_wconf 82' lang='lat' dir='ltr'>videt</span> <span class='ocrx_word' id='word_1_153' title='bbox 950 2963 1005 3020; x_wconf 90' lang='lat' dir='ltr'>tur</span> <span class='ocrx_word' id='word_1_154' title='bbox 1027 2960 1066 3021; x_wconf 91' lang='lat' dir='ltr'>ut</span> <span class='ocrx_word' id='word_1_155' title='bbox 1093 2957 1136 3020; x_wconf 90' lang='lat' dir='ltr'>ad</span> <span class='ocrx_word' id='word_1_156' title='bbox 1162 2957 1294 3030; x_wconf 86' lang='lat' dir='ltr'>laudem</span> <span class='ocrx_word' id='word_1_157' title='bbox 1324 2955 1457 3048; x_wconf 82' lang='lat' dir='ltr'>gloriosi</span> 
     </span>
     <span class='ocr_line' id='line_1_22' title="bbox 244 3027 1486 3158; baseline 0.002 -36"><span class='ocrx_word' id='word_1_158' title='bbox 244 3029 320 3074; x_wconf 69' lang='lat'><strong>¹⁰⁵⁶</strong></span> <span class='ocrx_word' id='word_1_159' title='bbox 322 3027 395 3078; x_wconf 71' lang='lat'>¹⁰⁷⁷</span> <span class='ocrx_word' id='word_1_160' title='bbox 388 3061 442 3123; x_wconf 91' lang='lat' dir='ltr'>et</span> <span class='ocrx_word' id='word_1_161' title='bbox 464 3059 603 3144; x_wconf 84' lang='lat' dir='ltr'>piissimr</span> <span class='ocrx_word' id='word_1_162' title='bbox 593 3059 762 3124; x_wconf 75' lang='lat' dir='ltr'>&#39;Andreae</span> <span class='ocrx_word' id='word_1_163' title='bbox 777 3043 927 3158; x_wconf 83' lang='lat' dir='ltr'>apostoli,</span> <span class='ocrx_word' id='word_1_164' title='bbox 943 3059 1000 3142; x_wconf 91' lang='lat' dir='ltr'>qui</span> <span class='ocrx_word' id='word_1_165' title='bbox 1021 3059 1063 3124; x_wconf 92' lang='lat' dir='ltr'>ab</span> <span class='ocrx_word' id='word_1_166' title='bbox 1085 3059 1175 3124; x_wconf 91' lang='lat' dir='ltr'>omni</span> <span class='ocrx_word' id='word_1_167' title='bbox 1195 3063 1309 3146; x_wconf 87' lang='lat' dir='ltr'>sancta</span> <span class='ocrx_word' id='word_1_168' title='bbox 1325 3061 1456 3124; x_wconf 90' lang='lat' dir='ltr'>eeclesia</span> <span class='ocrx_word' id='word_1_169' title='bbox 1484 3097 1486 3108; x_wconf 82' lang='lat'><em>=</em></span> 
     </span>
     <span class='ocr_line' id='line_1_23' title="bbox 408 3147 1457 3248; baseline 0.002 -24"><span class='ocrx_word' id='word_1_170' title='bbox 408 3161 602 3226; x_wconf 86' lang='lat' dir='ltr'>mitissimus</span> <span class='ocrx_word' id='word_1_171' title='bbox 629 3165 815 3248; x_wconf 84' lang='lat' dir='ltr'>sanctorum</span> <span class='ocrx_word' id='word_1_172' title='bbox 844 3147 1457 3246; x_wconf 81' lang='lat' dir='ltr'>praedicatur,adhuounu1ndesori·</span> 
     </span>
     <span class='ocr_line' id='line_1_24' title="bbox 408 3245 1456 3350; baseline 0 -22"><span class='ocrx_word' id='word_1_173' title='bbox 408 3263 485 3328; x_wconf 90' lang='lat' dir='ltr'>bere</span> <span class='ocrx_word' id='word_1_174' title='bbox 503 3245 707 3336; x_wconf 86' lang='lat' dir='ltr'>studeamus</span> <span class='ocrx_word' id='word_1_175' title='bbox 738 3263 934 3328; x_wconf 90' lang='lat' dir='ltr'>miraculum</span> <span class='ocrx_word' id='word_1_176' title='bbox 969 3265 1098 3350; x_wconf 90' lang='lat' dir='ltr'>quod</span> <span class='ocrx_word' id='word_1_177' title='bbox 1089 3287 1125 3328; x_wconf 90' lang='lat' dir='ltr'>1n</span> <span class='ocrx_word' id='word_1_178' title='bbox 1156 3265 1295 3350; x_wconf 83' lang='lat' dir='ltr'>praelata</span> <span class='ocrx_word' id='word_1_179' title='bbox 1325 3265 1456 3330; x_wconf 89' lang='lat' dir='ltr'>ecelesia</span> 
     </span>
     <span class='ocr_line' id='line_1_25' title="bbox 407 3365 1455 3452; baseline 0.002 -22"><span class='ocrx_word' id='word_1_180' title='bbox 407 3365 621 3452; x_wconf 85' lang='lat' dir='ltr'>proculdubio</span> <span class='ocrx_word' id='word_1_181' title='bbox 644 3371 773 3432; x_wconf 87' lang='lat' dir='ltr'>constat</span> <span class='ocrx_word' id='word_1_182' title='bbox 796 3387 863 3430; x_wconf 86' lang='lat' dir='ltr'>esee</span> <span class='ocrx_word' id='word_1_183' title='bbox 886 3370 1065 3452; x_wconf 86' lang='lat' dir='ltr'>patratum</span> <span class='ocrx_word' id='word_1_184' title='bbox 1124 3367 1280 3452; x_wconf 84' lang='lat' dir='ltr'>Tempore</span> <span class='ocrx_word' id='word_1_185' title='bbox 1313 3389 1455 3452; x_wconf 87' lang='lat' dir='ltr'>namque</span> 
     </span>
     <span class='ocr_line' id='line_1_26' title="bbox 408 3467 1455 3558; baseline 0 -26"><span class='ocrx_word' id='word_1_186' title='bbox 408 3469 561 3554; x_wconf 84' lang='lat' dir='ltr'>AEgelwii</span> <span class='ocrx_word' id='word_1_187' title='bbox 584 3469 713 3534; x_wconf 88' lang='lat' dir='ltr'>abbatis</span> <span class='ocrx_word' id='word_1_188' title='bbox 733 3467 832 3534; x_wconf 88' lang='lat' dir='ltr'>erat</span> <span class='ocrx_word' id='word_1_189' title='bbox 822 3489 858 3530; x_wconf 91' lang='lat' dir='ltr'>1n</span> <span class='ocrx_word' id='word_1_190' title='bbox 881 3469 996 3532; x_wconf 87' lang='lat' dir='ltr'>eadem</span> <span class='ocrx_word' id='word_1_191' title='bbox 1006 3467 1143 3558; x_wconf 86' lang='grc'>11011111</span> <span class='ocrx_word' id='word_1_192' title='bbox 1166 3469 1299 3534; x_wconf 88' lang='lat' dir='ltr'>clericus</span> <span class='ocrx_word' id='word_1_193' title='bbox 1322 3469 1455 3554; x_wconf 91' lang='lat' dir='ltr'>quidam</span> 
     </span>
     <span class='ocr_line' id='line_1_27' title="bbox 409 3569 1456 3658; baseline 0 -24"><span class='ocrx_word' id='word_1_194' title='bbox 409 3571 567 3636; x_wconf 86' lang='lat' dir='ltr'>vocabulo</span> <span class='ocrx_word' id='word_1_195' title='bbox 590 3571 779 3656; x_wconf 74' lang='lat' dir='ltr'>AEgelricus</span> <span class='ocrx_word' id='word_1_196' title='bbox 807 3569 1000 3656; x_wconf 81' lang='lat' dir='ltr'>cognomine</span> <span class='ocrx_word' id='word_1_197' title='bbox 1039 3569 1228 3652; x_wconf 76' lang='lat' dir='ltr'>Quintinus,</span> <span class='ocrx_word' id='word_1_198' title='bbox 1259 3575 1359 3638; x_wconf 89' lang='lat' dir='ltr'>aetate</span> <span class='ocrx_word' id='word_1_199' title='bbox 1385 3571 1456 3658; x_wconf 89' lang='lat' dir='ltr'>qui·</span> 
     </span>
     <span class='ocr_line' id='line_1_28' title="bbox 409 3665 1455 3760; baseline 0.002 -22"><span class='ocrx_word' id='word_1_200' title='bbox 409 3675 484 3750; x_wconf 88' lang='lat' dir='ltr'>dem</span> <span class='ocrx_word' id='word_1_201' title='bbox 511 3675 654 3760; x_wconf 87' lang='lat' dir='ltr'>juvenis,</span> <span class='ocrx_word' id='word_1_202' title='bbox 676 3673 829 3740; x_wconf 66' lang='lat' dir='ltr'>&#39;moribus</span> <span class='ocrx_word' id='word_1_203' title='bbox 862 3665 1015 3750; x_wconf 86' lang='lat' dir='ltr'>lubricus,</span> <span class='ocrx_word' id='word_1_204' title='bbox 1043 3677 1077 3738; x_wconf 90' lang='lat' dir='ltr'>et</span> <span class='ocrx_word' id='word_1_205' title='bbox 1100 3675 1142 3738; x_wconf 92' lang='lat' dir='ltr'>ad</span> <span class='ocrx_word' id='word_1_206' title='bbox 1172 3673 1284 3738; x_wconf 88' lang='lat' dir='ltr'>omnia</span> <span class='ocrx_word' id='word_1_207' title='bbox 1306 3675 1455 3760; x_wconf 84' lang='lat' dir='ltr'>corporis</span> 
     </span>
     <span class='ocr_line' id='line_1_29' title="bbox 409 3773 1455 3862; baseline 0 -22"><span class='ocrx_word' id='word_1_208' title='bbox 409 3775 572 3840; x_wconf 89' lang='lat' dir='ltr'>desideria</span> <span class='ocrx_word' id='word_1_209' title='bbox 603 3775 777 3862; x_wconf 84' lang='lat' dir='ltr'>proclivus.</span> <span class='ocrx_word' id='word_1_210' title='bbox 845 3773 880 3840; x_wconf 92' lang='lat' dir='ltr'>Is</span> <span class='ocrx_word' id='word_1_211' title='bbox 913 3781 1027 3840; x_wconf 88' lang='lat' dir='ltr'>tamen</span> <span class='ocrx_word' id='word_1_212' title='bbox 1060 3775 1159 3842; x_wconf 88' lang='lat' dir='ltr'>valde</span> <span class='ocrx_word' id='word_1_213' title='bbox 1191 3779 1343 3842; x_wconf 90' lang='lat' dir='ltr'>sanctum</span> <span class='ocrx_word' id='word_1_214' title='bbox 1385 3775 1455 3840; x_wconf 86' lang='lat' dir='ltr'>An-</span> 
     </span>
     <span class='ocr_line' id='line_1_30' title="bbox 408 3863 1526 3968; baseline 0.003 -26"><span class='ocrx_word' id='word_1_215' title='bbox 408 3879 520 3944; x_wconf 85' lang='lat' dir='ltr'>dream</span> <span class='ocrx_word' id='word_1_216' title='bbox 554 3879 739 3964; x_wconf 88' lang='lat' dir='ltr'>apostolum</span> <span class='ocrx_word' id='word_1_217' title='bbox 773 3877 940 3962; x_wconf 85' lang='lat' dir='ltr'>diligebat,</span> <span class='ocrx_word' id='word_1_218' title='bbox 972 3899 1010 3944; x_wconf 92' lang='lat' dir='ltr'>ac</span> <span class='ocrx_word' id='word_1_219' title='bbox 1040 3899 1100 3964; x_wconf 91' lang='lat' dir='ltr'>pro</span> <span class='ocrx_word' id='word_1_220' title='bbox 1134 3877 1206 3964; x_wconf 87' lang='lat' dir='ltr'>ejus</span> <span class='ocrx_word' id='word_1_221' title='bbox 1235 3901 1346 3944; x_wconf 90' lang='lat' dir='ltr'>amore</span> <span class='ocrx_word' id='word_1_222' title='bbox 1363 3885 1454 3968; x_wconf 89' lang='lat' dir='ltr'>ante</span> <span class='ocrx_word' id='word_1_223' title='bbox 1507 3863 1526 3892; x_wconf 49' lang='lat'><em>⁰</em></span> 
     </span>
     <span class='ocr_line' id='line_1_31' title="bbox 407 3981 1455 4068; baseline 0.002 -22"><span class='ocrx_word' id='word_1_224' title='bbox 407 3983 636 4046; x_wconf 81' lang='lat' dir='ltr'>suum-altare·</span> <span class='ocrx_word' id='word_1_225' title='bbox 654 3985 780 4068; x_wconf 84' lang='lat' dir='ltr'>septem</span> <span class='ocrx_word' id='word_1_226' title='bbox 803 3981 945 4066; x_wconf 86' lang='lat' dir='ltr'>psalmos</span> <span class='ocrx_word' id='word_1_227' title='bbox 968 3981 1116 4066; x_wconf 87' lang='lat' dir='ltr'>quotidie</span> <span class='ocrx_word' id='word_1_228' title='bbox 1139 3981 1345 4046; x_wconf 83' lang='lat' dir='ltr'>decantabat.</span> <span class='ocrx_word' id='word_1_229' title='bbox 1391 3981 1455 4048; x_wconf 84' lang='lat' dir='ltr'>Ae-</span> 
     </span>
     <span class='ocr_line' id='line_1_32' title="bbox 405 4081 1453 4172; baseline 0 -24"><span class='ocrx_word' id='word_1_230' title='bbox 405 4085 487 4149; x_wconf 90' lang='lat' dir='ltr'>cidit</span> <span class='ocrx_word' id='word_1_231' title='bbox 520 4089 632 4150; x_wconf 86' lang='lat' dir='ltr'>autem</span> <span class='ocrx_word' id='word_1_232' title='bbox 665 4091 704 4150; x_wconf 87' lang='lat' dir='ltr'>ut</span> <span class='ocrx_word' id='word_1_233' title='bbox 736 4083 932 4172; x_wconf 69' lang='lat' dir='ltr'>gravissim</span> <span class='ocrx_word' id='word_1_234' title='bbox 962 4081 1388 4170; x_wconf 70' lang='lat' dir='ltr'>infirmitatesinteroeptus</span> <span class='ocrx_word' id='word_1_235' title='bbox 1411 4085 1453 4148; x_wconf 90' lang='lat' dir='ltr'>ad</span> 
     </span>
     <span class='ocr_line' id='line_1_33' title="bbox 403 4183 1453 4272; baseline 0 -22"><span class='ocrx_word' id='word_1_236' title='bbox 403 4189 544 4250; x_wconf 86' lang='lat' dir='ltr'>mortem</span> <span class='ocrx_word' id='word_1_237' title='bbox 567 4207 669 4272; x_wconf 88' lang='lat' dir='ltr'>usque</span> <span class='ocrx_word' id='word_1_238' title='bbox 692 4185 936 4272; x_wconf 90' lang='lat' dir='ltr'>propinquaret.</span> <span class='ocrx_word' id='word_1_239' title='bbox 983 4183 1094 4264; x_wconf 81' lang='lat' dir='ltr'>Quum</span> <span class='ocrx_word' id='word_1_240' title='bbox 1109 4183 1221 4270; x_wconf 89' lang='lat' dir='ltr'>itaque</span> <span class='ocrx_word' id='word_1_241' title='bbox 1235 4185 1272 4248; x_wconf 90' lang='lat' dir='ltr'>vi</span> <span class='ocrx_word' id='word_1_242' title='bbox 1287 4185 1453 4272; x_wconf 79' lang='lat' dir='ltr'>languoris</span> 
     </span>
     <span class='ocr_line' id='line_1_34' title="bbox 403 4283 1453 4374; baseline -0.002 -22"><span class='ocrx_word' id='word_1_243' title='bbox 403 4283 630 4374; x_wconf 79' lang='lat' dir='ltr'>praegravatus</span> <span class='ocrx_word' id='word_1_244' title='bbox 660 4285 824 4372; x_wconf 86' lang='lat' dir='ltr'>loquelam</span> <span class='ocrx_word' id='word_1_245' title='bbox 857 4285 1000 4364; x_wconf 85' lang='lat' dir='ltr'>emisset,</span> <span class='ocrx_word' id='word_1_246' title='bbox 1028 4287 1117 4350; x_wconf 85' lang='lat' dir='ltr'>vidit</span> <span class='ocrx_word' id='word_1_247' title='bbox 1148 4291 1260 4372; x_wconf 84' lang='lat' dir='ltr'>aperte</span> <span class='ocrx_word' id='word_1_248' title='bbox 1291 4285 1346 4374; x_wconf 87' lang='lat' dir='ltr'>(ut</span> <span class='ocrx_word' id='word_1_249' title='bbox 1383 4287 1453 4372; x_wconf 86' lang='lat' dir='ltr'>ipse</span> 
     </span>
     <span class='ocr_line' id='line_1_35' title="bbox 401 4389 1451 4474; baseline -0.002 -20"><span class='ocrx_word' id='word_1_250' title='bbox 401 4391 613 4474; x_wconf 85' lang='lat' dir='ltr'>postmodum</span> <span class='ocrx_word' id='word_1_251' title='bbox 643 4391 772 4472; x_wconf 91' lang='lat' dir='ltr'>retulit)</span> <span class='ocrx_word' id='word_1_252' title='bbox 809 4389 943 4455; x_wconf 86' lang='lat' dir='ltr'>turbam</span> <span class='ocrx_word' id='word_1_253' title='bbox 974 4389 1161 4470; x_wconf 85' lang='lat' dir='ltr'>daemonum</span> <span class='ocrx_word' id='word_1_254' title='bbox 1195 4389 1378 4454; x_wconf 85' lang='lat' dir='ltr'>intrantem</span> <span class='ocrx_word' id='word_1_255' title='bbox 1415 4389 1451 4452; x_wconf 89' lang='lat' dir='ltr'>in</span> 
     </span>
     <span class='ocr_line' id='line_1_36' title="bbox 402 4491 1453 4580; baseline 0.001 -25"><span class='ocrx_word' id='word_1_256' title='bbox 402 4491 537 4556; x_wconf 90' lang='lat' dir='ltr'>domum</span> <span class='ocrx_word' id='word_1_257' title='bbox 567 4493 605 4556; x_wconf 91' lang='lat' dir='ltr'>in</span> <span class='ocrx_word' id='word_1_258' title='bbox 637 4515 703 4580; x_wconf 92' lang='lat' dir='ltr'>qua</span> <span class='ocrx_word' id='word_1_259' title='bbox 735 4513 822 4576; x_wconf 80' lang='lat' dir='ltr'>aeger</span> <span class='ocrx_word' id='word_1_260' title='bbox 854 4491 989 4576; x_wconf 86' lang='lat' dir='ltr'>jacebat</span> <span class='ocrx_word' id='word_1_261' title='bbox 1008 4495 1120 4580; x_wconf 82' lang='lat' dir='ltr'>tanta</span> <span class='ocrx_word' id='word_1_262' title='bbox 1154 4491 1382 4557; x_wconf 86' lang='lat' dir='ltr'>condensitate</span> <span class='ocrx_word' id='word_1_263' title='bbox 1413 4495 1453 4556; x_wconf 86' lang='grc'>11</span> 
     </span>
     <span class='ocr_line' id='line_1_37' title="bbox 401 4591 1449 4682; baseline 0.004 -28"><span class='ocrx_word' id='word_1_264' title='bbox 401 4595 513 4658; x_wconf 88' lang='lat' dir='ltr'>nullus</span> <span class='ocrx_word' id='word_1_265' title='bbox 536 4595 670 4660; x_wconf 90' lang='lat' dir='ltr'>omnino</span> <span class='ocrx_word' id='word_1_266' title='bbox 701 4597 882 4682; x_wconf 88' lang='lat' dir='ltr'>superesset</span> <span class='ocrx_word' id='word_1_267' title='bbox 912 4595 1002 4660; x_wconf 86' lang='lat' dir='ltr'>loeus</span> <span class='ocrx_word' id='word_1_268' title='bbox 1025 4595 1170 4680; x_wconf 84' lang='lat' dir='ltr'>quinon</span> <span class='ocrx_word' id='word_1_269' title='bbox 1193 4615 1305 4658; x_wconf 88' lang='lat' dir='ltr'>eorum</span> <span class='ocrx_word' id='word_1_270' title='bbox 1335 4591 1449 4658; x_wconf 86' lang='lat' dir='ltr'>multi-</span> 
     </span>
    </p>
   </div>
   <div class='ocr_carea' id='block_1_6' title="bbox 0 0 1658 5666">
    <p class='ocr_par' dir='ltr' id='par_1_6' title="bbox 0 0 1658 5666">
     <span class='ocr_line' id='line_1_38' title="bbox 0 0 1658 5666; baseline 0 5"><span class='ocrx_word' id='word_1_271' title='bbox 0 0 1658 5666; x_wconf 95' lang='lat' dir='ltr'> </span> 
     </span>
    </p>
   </div>
  </div>
 </body>
</html>
