3300 5666
303 809 307 816 ι
355 773 396 830 88
545 769 743 836 cunomcou
766 785 918 836 annana
943 785 989 836 nn
1014 785 1183 836 evasum.

232 975 300 1024 An).
356 993 398 1036 ex
407 975 480 1036 toto
488 971 631 1038 traderet
642 975 675 1036 ct
690 970 843 1036 abbatem
852 993 910 1058 pro
921 993 958 1036 co
970 971 1098 1038 faceret.
1145 971 1239 1052 Quod
1253 993 1313 1036 rex
1325 995 1401 1058 pru-

317 1049 340 1096 5‘
356 1075 435 1140 dens
450 1095 642 1160 cognoscens
663 1073 795 1160 ejusque
810 1073 873 1160 piae
889 1073 1043 1160 petitioni
1057 1093 1212 1150 annuens,
1232 1073 1309 1140 fecit
1325 1097 1400 1138 cum

192 1048 314 1094 loto-106

356 1177 442 1264 apud
467 1177 630 1260 Glooestre
656 1175 727 1262 (nbi
749 1181 827 1242 tnnc
851 1175 973 1240 curiam
1003 1199 1095 1242 suam
1117 1176 1263 1260 tenebat)
1295 1197 1401 1242 coram

356 1279 469 1346 multis
484 1277 684 1366 principibus
700 1277 798 1364 hujus
813 1279 929 1366 patriae
944 1277 985 1342 ab
1001 1277 1145 1344 Aldredo
1160 1277 1401 1364 archiepiscopo

356 1380 588 1448 honorabiliter
622 1379 660 1444 in
697 1379 844 1446 Paschali
881 1381 1085 1448 solemnitate
1122 1379 1174 1446 dis
1211 1379 1402 1448 festivitatis

357 1483 460 1550 sancti
491 1483 621 1570 Georgii
644 1483 796 1570 martyris
830 1483 1014 1562 consecrari,
1036 1489 1070 1550 et
1100 1483 1141 1550 ab
1171 1483 1227 1550 illo
1259 1489 1402 1570 tempore

356 1595 426 1652 tam
457 1585 519 1652 sibi
546 1609 642 1672 quam
671 1587 796 1652 cunctis
826 1586 1002 1653 baronibus
1031 1587 1098 1652 suis
1125 1609 1224 1664 carus,
1256 1591 1290 1652 et
1317 1587 1404 1652 inter

357 1691 476 1776 primos
491 1689 684 1754 necessarios
700 1687 901 1756 consiliarius
916 1689 1105 1755 habebatur.
1129 1691 1293 1754 Reversus
1311 1709 1403 1754 nam-

283 1847 284 1850 ,
357 1813 418 1878 que
434 1793 566 1858 domurn
581 1815 654 1858 cum
669 1793 782 1857 multis
797 1791 1009 1880 optimatibus
1025 1799 1172 1880 exparte
1188 1793 1270 1880 regis
1286 1793 1402 1878 grandi

356 1895 476 1960 honore
491 1903 588 1980 atque
611 1917 718 1960 amore
734 1893 915 1986 ⁴suscipitur
936 1898 1006 1959 tam
1029 1917 1049 1958 a
1070 1894 1224 1960 fratribus
1240 1917 1337 1980 qnam
1360 1893 1402 1958 ab

357 1997 505 2063 omnibus
521 1997 618 2084 hujus
633 2001 753 2062 sanctae
769 1997 909 2062 ecclesiae
930 1995 1066 2084 populis.
1112 1983 1218 2078 Quam
1244 1997 1303 2062 diu
1325 2017 1402 2062 vero
1456 2063 1457 2066 ,

356 2098 455 2164 abbas
470 2121 548 2164 suus
563 2099 717 2164 Maurius
739 2099 923 2186 supervixit
946 2099 1122 2166 maximam
1136 2101 1176 2166 'ei
1191 2121 1299 2166 curam
1315 2123 1404 2186 gere-

356 2203 422 2282 bat,
446 2203 644 2268 constituens
659 2203 741 2270 duos
757 2203 796 2268 de
809 2201 999 2270 ,melioribus
1022 2203 1165 2288 personis
1181 2225 1255 2268 cum
1271 2202 1404 2288 quibus-

356 2307 431 2372 dam
458 2305 674 2373 servientibus
698 2307 756 2394 qui
779 2307 829 2370 die
858 2311 1021 2392 noctuque
1052 2307 1083 2372 ei
1105 2305 1272 2372 humiliter
1298 2307 1402 2372 deser-

356 2409 470 2474 virent.
518 2409 592 2496 Ipse
608 2413 718 2474 autem
734 2409 918 2494 frequenter
932 2431 1006 2474 eum
1022 2409 1168 2486 visitans,
1184 2431 1256 2494 quae
1271 2409 1403 2476 volebat

356 2511 474 2576 humili
512 2513 685 2578 devotione
716 2511 896 2578 obediendo
928 2511 1122 2598 perficiebat,
1160 2533 1401 2596 necunquam

281 2653 282 2658 κ
356 2615 512 2700 quamdiu
548 2619 714 2702 superorat
744 2615 780 2678 in
809 2615 879 2680 loco
908 2597 1037 2679 abbatis
1072 2637 1168 2680 causa
1205 2613 1402 2678 humilitatis

189 2721 271 2772 Deam
284 2723 314 2774 of
336 2723 440 2792 stare
456 2717 593 2808 volebat.
638 2715 781 2782 Transiit
803 2739 930 2804 quoque
953 2717 1005 2782 vir
1026 2717 1082 2784 ille
1112 2717 1266 2782 Mannius
1289 2717 1401 2782 eadem

188 2791 267 2906 {iffi
356 2811 510 2886 nocteet
537 2821 622 2898 hora,
648 2825 685 2884 ut
709 2819 819 2898 fertur,
836 2843 900 2906 qna
926 2843 984 2884 rex
1006 2819 1164 2906 gloriosus
1185 2819 1402 2896 AEdunardus,

191 2877 293 2986 ‘ilani'
355 2923 535 2988 festivitate
558 2921 710 2988 videlicet
732 2927 852 2988 sancta
875 2921 1068 3008 Epiphaniae
1091 2923 1233 3000 Domini,
1264 2945 1403 3008 quorum
1506 2969 1507 2972 η

191 2997 261 3042 ¹⁰⁶⁶¹
356 3025 489 3102 animas,
537 3031 576 3090 ut
606 3025 774 3102 oredimus,
812 3023 918 3112 angeli
947 3025 1158 3112 suscipientes
1196 3023 1404 3090 deduxerunt

358 3129 393 3192 in
422 3127 578 3214 gaudium
602 3125 738 3192 Domini
776 3129 833 3194 sui
903 3127 1045 3194 Vivente
1084 3133 1194 3194 autem
1238 3127 1302 3194 isto
1339 3127 1404 3216 Dei

359 3231 480 3296 cultore
517 3251 592 3318 rege
631 3229 821 3296 AEduuardo
858 3235 982 3316 septem
1029 3231 1122 3296 annis
1141 3225 1154 3248 ²
1168 3232 1266 3297 abbas
1304 3217 1406 3316 Aget-³

358 3335 456 3398 unius
485 3333 561 3398 huic
585 3332 659 3398 loco
683 3339 832 3418 praeerat,
864 3333 1036 3420 pluresque
1067 3337 1170 3398 terras
1199 3337 1269 3398 tam
1299 3335 1402 3398 abeo

359 3457 456 3522 quam
494 3436 537 3501 ab
578 3435 651 3498 aliis
693 3435 786 3502 bonis
823 3435 1011 3500 hominibus
1050 3434 1220 3500 obtinebat
1263 3457 1401 3520 quarum

236 3537 243 3554 '
358 3539 492 3602 nomina
514 3537 648 3602 inferius
664 3537 966 3604 demonstrabimus.
1012 3537 1174 3620 Defuncto
1197 3559 1313 3624 nempe
1327 3557 1403 3624 rege

358 3633 423 3706 isto
454 3645 491 3704 et
518 3627 664 3704 Haraldo
690 3663 827 3728 regnum
859 3639 1047 3724 accipiente,
1082 3639 1236 3724 quicquid
1271 3641 1402 3704 volebat

359 3743 402 3806 ab
428 3763 466 3806 eo
490 3743 686 3826 impetravit.
742 3743 869 3806 Deinde
902 3763 977 3828 rege
1008 3741 1172 3806 Willehno
1201 3741 1308 3826 ipsum
1333 3741 1402 3804 Ha-

360 3845 491 3908 raldum
518 3845 581 3908 Dei
599 3843 724 3930 judicio
747 3847 965 3930 expugnante,
989 3849 1123 3932 totaque
1148 3843 1272 3928 Anglia
1292 3843 1404 3910 secun'·

363 3947 441 4010 dum
464 3947 547 4010 velle
570 3969 665 4010 sunm
681 3967 722 4010 ex
745 3951 815 4012 toto
839 3947 1036 4022 dominante,
1060 3953 1130 4010 tam
1149 3945 1289 4032 episcopi
1304 3967 1406 4030 quam

363 4048 498 4113 abbates
525 4049 685 4134 multique
708 4047 833 4112 nobiles
854 4047 951 4134 hujus
978 4047 1095 4134 patriae
1120 4047 1305 4126 latitabant,
1334 4049 1404 4132 ejus

363 4151 619 4236 persecutionem
640 4153 737 4236 atque
761 4149 960 4228 ferocitatem
983 4151 1152 4238 fugientes.
1199 4151 1268 4214 Iste
1291 4153 1403 4216 tamen

364 4252 465 4318 abbas
488 4253 669 4340 Ageluuins
692 4253 855 4322 confidens
878 4253 912 4316 in
937 4253 1079 4318 Domino
1106 4253 1238 4316 adeum
1261 4253 1406 4332 accessit,

364 4355 490 4440 Deique
505 4355 612 4440 gratia
629 4355 771 4420 donante
794 4373 890 4436 snper
912 4375 1023 4418 omnes
1046 4353 1111 4418 fere
1127 4353 1230 4438 hujus
1256 4353 1404 4438 Anglicae

363 4457 470 4544 gentis
492 4454 627 4520 barones
650 4455 827 4520 maximam
849 4455 1026 4520 amicitiam
1042 4455 1129 4540 apud
1153 4475 1227 4518 enm
1248 4452 1404 4532 obtinuit,

363 4581 460 4644 quarn
482 4579 583 4644 usquc
605 4559 646 4622 ad
668 4557 822 4622 ultimum
844 4555 930 4622 diem
954 4557 1004 4620 sui
1021 4557 1131 4622 obitus
1153 4557 1239 4622 idem
1253 4577 1312 4622 rex
1328 4577 1404 4642 erga

363 4681 436 4728 eum
460 4661 601 4724 fideliter
623 4661 774 4730 servavit.
829 4657 941 4725 Plures
965 4661 1077 4748 itaque
1100 4658 1241 4728 abbacia
1268 4659 1404 4748 aliaeqno
