3300 5666
436 837 636 896 canonicor
659 837 890 896 esserra-oe
911 839 1082 896 erassem
1147 873 1166 886 -
1221 825 1281 896 101

237 1027 270 1086 et
301 1015 426 1086 'stolam
449 1025 483 1086 et
506 1019 711 1108 manipulum
750 1043 824 1084 cum
862 1019 1112 1085 tintinnabulis1
1145 1025 1179 1084 et
1217 1019 1283 1082 alia
1313 1093 1314 1096 Ἴ
1340 1031 1407 1082 Am.

236 1121 432 1190 vestimenta
449 1123 536 1200 emit,
554 1129 588 1190 et
603 1123 709 1188 multa
725 1121 977 1188 obedientiarios
993 1143 1097 1188 emere
1115 1121 1279 1212 compulit,
1297 1103 1449 1154 ¹¹⁶⁰”¹¹9¹·

236 1225 384 1310 qeaedam
410 1225 549 1290 redemit
572 1233 606 1292 et
629 1227 777 1310 quaedam
793 1225 883 1290 varie
908 1223 1039 1290 ornavit
1056 1229 1089 1288 ct
1112 1225 1194 1290 toene
1217 1224 1281 1288 dis-

234 1327 351 1414 posuit,
369 1333 402 1392 et
425 1325 558 1392 Novum
581 1327 828 1392 Testamentum
852 1333 886 1392 et
908 1327 1012 1390 Vetus
1043 1327 1185 1412 glossata
1207 1323 1283 1390 huic

234 1431 375 1498 ecclesiae
398 1433 582 1518 acquisivit.
614 1433 798 1496 Pistrirrum
822 1433 930 1510 etiam,
954 1431 1125 1496 braeirrunr
1143 1439 1184 1496 ‘et
1206 1457 1280 1518 gra-

234 1533 364 1598 narium
396 1539 429 1598 et
461 1539 563 1598 vetus
585 1533 772 1612 infirmaria,
806 1557 890 1620 quae,
917 1557 1006 1598 nunc
1037 1537 1087 1600 est
1117 1535 1281 1598 thalamus

233 1637 369 1712 abbatis,
402 1643 435 1700 et
465 1637 635 1722 privatum
665 1636 893 1700 dormitorium
925 1637 993 1720 ejus
1023 1643 1169 1720 tempore
1196 1637 1281 1702 facta

233 1745 318 1802 sont.
374 1739 569 1826 Iudaginem
593 1739 693 1804 etiam
716 1739 757 1802 de
780 1739 936 1802 Uffelram
959 1739 1074 1804 domos
1097 1745 1130 1804 et
1153 1739 1281 1804 vivaria

233 1847 267 1906 et
283 1841 465 1906 thalamum
482 1841 538 1926 qui
560 1863 648 1904 nunc
671 1847 720 1906 est
743 1841 786 1904 ad
808 1841 1021 1904 infirmariam
1044 1847 1078 1906 et
1100 1841 1281 1908 lectricium
1367 1841 1381 1864 s

233 1943 369 2030 capituli
392 1945 460 2030 ipse
487 1943 572 2008 fecit.
638 1943 829 2008 Claustrum
853 1943 961 2024 etiarn,
988 1944 1075 2030 quod
1099 1945 1279 2010 Mauricius

233 2053 266 2110 et
302 2045 502 2132 Reginaldus
535 2045 670 2110 abbatos
707 2039 766 2132 pro
795 2051 891 2132 parte
929 2045 1081 2126 fecerant,
1114 2051 1147 2112 et
1185 2049 1280 2112 navis
1356 2039 1361 2046 Γ

233 2147 381 2226 ecclesiae,
413 2169 487 2212 cum
519 2145 683 2232 adjutorio
713 2148 829 2212 decani
860 2149 900 2212 de
924 2147 1044 2214 Welles
1078 2147 1222 2214 maxime
1246 2153 1280 2214 et

232 2249 369 2314 aliorum
393 2251 550 2314 bonorum
575 2249 728 2330 virorum,
754 2249 823 2336 ejus
858 2257 1003 2338 tempore
1026 2253 1172 2338 perfecta
1194 2257 1278 2316 suut.

233 2351 278 2418 Et
312 2353 381 2440 ipse
416 2353 538 2418 multas
572 2351 730 2436 fenestras
754 2353 877 2418 vitreas
911 2353 1071 2440 apposuit,
1097 2359 1130 2418 et
1158 2354 1279 2418 meritas·

232 2457 353 2542 apponi
374 2455 459 2522 fecit.
520 2457 611 2520 Duas
645 2457 746 2520 etiarn
776 2457 871 2522 hidas
894 2463 991 2522 terrae
1025 2457 1062 2520 iu
1084 2457 1279 2522 Neuueham

231 2581 289 2646 pro
328 2565 459 2624 eentum
497 2557 613 2624 marcis
651 2561 731 2624 emit
770 2561 911 2624 ecclesiae
951 2561 1008 2624 isti
1040 2561 1080 2624 ab
1118 2561 1185 2624 illis
1223 2559 1280 2646 qui

232 2663 385 2730 dicuntia*
401 2664 440 2727 de
457 2661 657 2728 Watteuilla.
705 2661 846 2728 Calicem
864 2663 965 2726 etiam
983 2685 1116 2728 aureum
1133 2663 1170 2726 in
1186 2663 1281 2750 agri·
1312 2717 1314 2724 Α

230 2766 347 2830 tudine
368 2765 405 2830 in
428 2787 492 2852 qua
515 2765 652 2830 decessit
675 2765 747 2830 fieri
771 2765 857 2842 fecit,
883 2787 979 2850 quem
1004 2765 1151 2850 Rogerus
1178 2765 1279 2830 abbas

230 2873 343 2954 postea
365 2867 523 2932 distraxit
544 2891 603 2952 pro
626 2867 852 2954 redemptione
882 2867 968 2954 regis
999 2867 1140 2934 Ricardi.
1179 2905 1180 2908 =
1203 2867 1280 2930 Par-

230 2977 297 3036 tem
322 2971 423 3034 etiarn
445 2969 536 3034 illam
559 2971 599 3034 de
623 2969 796 3056 Raggeleie
821 2993 894 3054 quae
919 2971 959 3034 de
983 2969 1074 3036 feodo
1108 2970 1205 3034 modo
1229 2975 1278 3032 ost

231 3077 264 3138 et
288 3071 498 3158 Kingleyam‚
527 3095 599 3158 quae
629 3071 763 3136 fuerunt
797 3072 963 3158 quondam
995 3071 1144 3136 vaccaria
1178 3071 1278 3156 liujus

231 3173 377 3254 ecclesiae,
418 3179 451 3242 et
494 3179 607 3262 postea
653 3177 812 3240 caducum
860 3199 917 3262 per
960 3175 1097 3240 exiliurn
1135 3173 1278 3240 Wiberti

230 3277 387 3358 Truulcet,
416 3299 495 3362 quas
529 3278 570 3342 de
597 3299 755 3344 consensu
788 3277 934 3364 ejusdem
956 3283 1031 3366 post
1058 3277 1291 3362 reversionem

230 3381 300 3466 ejus
322 3387 356 3444 et
390 3381 432 3444 ad
464 3381 659 3466 petitionem
692 3377 818 3446 domiui
847 3379 955 3466 Regis
989 3380 1127 3446 dederat
1151 3379 1276 3466 Rogero

229 3483 297 3546 filio
321 3479 506 3560 willielme
522 3489 636 3570 postea
657 3483 699 3546 ab
723 3483 871 3548 Henrioo
893 3483 962 3548 filio
986 3483 1132 3570 ejusdem
1157 3481 1277 3570 Rogeri

229 3585 392 3652 redemit'
421 3585 485 3650 Sed
506 3585 681 3670 praedictus
704 3605 866 3650 successor
889 3607 942 3650 eas
967 3607 1008 3650 ne
1033 3585 1203 3650 exhiberet
1220 3607 1277 3672 pro

230 3687 276 3752 eis
298 3709 356 3752 sex
382 3687 530 3754 homines
564 3691 696 3752 tantum
730 3687 764 3752 in
789 3687 861 3752 vita
883 3707 1004 3766 eorum,
1028 3687 1098 3752 siue
1121 3707 1277 3754 consensu

230 3795 417 3868 conventus,
450 3797 579 3856 retento
612 3793 747 3855 tantum
779 3791 972 3868 molendino,
1007 3789 1155 3856 remisit.2
1211 3791 1277 3854 Hic

227 3893 327 3958 'etiam
372 3893 517 3980 iusignia
563 3893 759 3980 episcopalia
803 3899 924 3978 praeter
968 3893 1127 3958 aonidum
1172 3893 1299 3980 primo-

230 3993 369 4060 ecclesiee
392 3995 450 4060 isti
479 3995 667 4078 acquisivit,
691 3999 725 4058 et
748 3993 958 4082 privilegium
982 3995 1165 4060 Alexandri
1184 4017 1276 4080 papa²

230 4095 316 4180 quod
360 4097 441 4160 bene
471 4087 624 4182 operatur
653 4097 695 4160 ad
728 4095 922 4170 libertatem.
994 4097 1118 4162 Verum
1153 4097 1277 4162 molen·

230 4199 343 4262 diuum
381 4199 422 4264 de
467 4187 651 4262 Samburna
689 4203 722 4264 et
761 4199 924 4264 Hocwike
962 4205 995 4264 et
1026 4199 1205 4264 Fariutone
1243 4203 1277 4264 et

230 4301 421 4366 Wrotesleie
443 4305 477 4364 et
494 4299 672 4366 Liviutorre
696 4301 739 4364 ad
761 4301 891 4372 firmam
914 4301 1024 4388 posuit
1047 4305 1083 4366 'et
1113 4301 1275 4384 virgatam

229 4409 323 4468 terrae
347 4403 381 4466 in
402 4403 569 4468 Evesham
593 4403 737 4468 Ernaldo
764 4403 993 4490 Cambelango.
1059 4403 1102 4466 ln
1125 4403 1275 4466 Baddebi

263 4597 305 4626 ¹“
312 4595 482 4644 tintinnabulis
527 4595 653 4658 argenteis
701 4601 725 4642 et
810 4593 892 4642 ²The
914 4607 1017 4656 passage
1045 4599 1059 4622 ‘⁴
1068 4595 1143 4640 modo
1168 4601 1204 4642 est

230 4677 244 4700 ¹‘
255 4673 280 4724 ii.
294 4675 360 4724 albas
368 4673 444 4722 boues
452 4689 575 4736 compares
582 4689 639 4724 cum
647 4673 725 4738 nigris
776 4669 889 4720 remisie’
906 4671 950 4718 has
961 4671 1023 4720 been
1035 4669 1182 4720 substituted
1190 4673 1224 4732 by
1234 4673 1276 4718 the

229 4751 348 4814 “peruris
365 4761 390 4802 et
407 4751 503 4802 circulis
516 4745 618 4802 eureis.’'
652 4751 723 4802 Harl.
775 4747 881 4814 original
899 4749 979 4798 scribe
1001 4749 1027 4796 in
1051 4751 1092 4796 the
1115 4751 1185 4812 place
1207 4749 1238 4796 of
1261 4763 1276 4796 a

233 4831 336 4896 3763‚f.
350 4835 403 4880 169.
714 4859 716 4862 -
777 4831 876 4880 shorter
887 4843 991 4894 passage
1002 4831 1094 4880 erased,
