3300 5666
326 731 369 794 30
534 745 751 798 onnonoou
761 743 918 796 urrann
933 747 980 794 nu
995 743 1164 808 nvnsnuu,

351 1179 352 1184 ¹
410 1151 858 1222 ‘'IN'TRANSLATIONE
881 1151 1048 1220 aaron
1066 1151 1308 1236 EOGWINL
1360 1187 1364 1190 ·

746 1387 851 1444 Lnorro
870 1387 977 1444 Purus.

329 1555 347 1586 ⁵
368 1553 463 1622 Quum
480 1551 574 1610 virtus
590 1553 696 1618 divina,
710 1553 782 1608 fides
794 1553 942 1626 praeolara,
957 1556 987 1607 et
998 1553 1059 1610 vita
1070 1553 1255 1610 immaculata
1268 1556 1379 1610 sanatos

332 1635 435 1692 efficiat
454 1637 564 1694 Ohri'sti
593 1637 780 1702 confessores,
801 1637 915 1692 oooulto
941 1637 1065 1708 quodam
1091 1637 1147 1694 Dei
1162 1637 1283 1708 xjudioio
1310 1651 1379 1708 quo-

332 1721 454 1776 rundam
470 1785 471 1788 ¹
485 1737 581 1786 eoram
599 1721 764 1778 homiuibus
789 1721 1033 1778 clarescentibus¹
1052 1721 1201 1784 miraculis
1220 1721 1261 1778 ita
1283 1721 1380 1778 lucent
1432 1723 1433 1726 ’

335 1805 410 1862 bona
427 1825 515 1880 opera
533 1807 610 1878 quod
623 1807 767 1872 ⁴ridentes
786 1807 950 1876 glorificent
973 1807 1099 1874 Patrem,
1110 1825 1195 1864 suum
1214 1805 1270 1874 Qui
1289 1807 1380 1862 estin

334 1891 424 1956 coelis,
438 1885 557 1948 'et'illos
576 1907 628 1962 per
647 1895 771 1962 quorum
795 1883 900 1946 merita
926 1891 997 1946 talia
1026 1883 1100 1946 fiunt
1124 1891 1266 1966 miracula
1291 1909 1398 1950 vene»

332 1979 433 2030 raritur
450 1973 482 2030 in
499 1973 604 2040 terris;
637 1975 818 2046 quorundam
843 1991 914 2030 vero
942 1975 984 2030 ita
1007 1975 1039 2028 in
1065 1973 1181 2030 oooulto
1202 1973 1275 2028 fiuut
1294 1991 1381 2046 opera

332 2059 415 2122 bona,
436 2059 513 2130 quod
531 2059 609 2114 solus
628 2057 715 2114 Pater
733 2077 834 2114 eorum
852 2059 978 2114 ooelestis
997 2057 1053 2126 Qui
1070 2057 1151 2114 videt
1168 2057 1383 2118 iu‘absooudito
1412 2109 1413 2112 ,

335 2141 373 2198 sit
391 2161 492 2208 eorum
510 2143 666 2198 retributor
685 2149 714 2198 et
732 2143 894 2200 retributio.
945 2143 1086 2222 Dominus
1106 2143 1182 2216 euim
1202 2149 1232 2198 et
1251 2141 1382 2204 Salvator

330 2232 431 2294 nnoster
444 2227 501 2296 Qui
520 2229 597 2282 solus
615 2227 696 2282 novit
715 2245 787 2300 quos
806 2227 929 2298 elegerit
947 2245 999 2300 pro
1018 2227 1157 2292 locorum,
1171 2233 1335 2298 temporum
1355 2231 1383 2282 et

334 2329 522 2392 personarum
554 2311 702 2384 qualitate,
713 2305 720 2362 s
734 2311 921 2384 quibusdam
938 2311 973 2366 ad
991 2309 1081 2366 vitam
1112 2311 1324 2384 praede'stinatis
1355 2314 1384 2365 et

333 2395 477 2462 fidelibus,
495 2395 534 2450 'ad
563 2409 677 2450 morum
708 2395 924 2450 aedificationem
956 2401 985 2450 et
1013 2393 1082 2452 fidei
1111 2397 1243 2474 ipsorum
1267 2395 1383 2450 robora·

263 2479 271 2516 V
335 2479 452 2544 tionem,
473 2479 557 2550 sigua
584 2485 619 2534 et·
636 2479 770 2552 prodigia
797 2475 930 2546 ostendit,
951 2485 985 2534 ut
1012 2497 1131 2534 suorum
1157 2473 1218 2534 vita
1244 2483 1272 2534 et
1298 2495 1384 2552 opera

281 2585 284 2588 ·
307 2593 309 2596 ·
334 2581 487 2618 servorum
500 2563 714 2636 imperpetuum
720 2563 855 2622 eoelesiae
875 2577 934 2620 suae
948 2563 1005 2618 siut
1022 2561 1054 2618 in
1067 2565 1245 2634 exemplum3
1266 2563 1383 2636 quibus·
1491 2591 1492 2594 ¹

333 2647 414 2710 ,dam
432 2647 557 2718 vero-ad
587 2651 711 2724 mortem
734 2647 875 2720 prestitisv
893 2653 921 2702 et
937 2695 938 2698 ,
952 2647 1112 2718 reprobatis
1143 2653 1176 2720 ut
1206 2647 1384 2718 generationi

336 2731 421 2798 rnalae
440 2734 470 2785 et
487 2747 631 2802 perversae
644 2731 765 2808 ¹nullum
783 2729 901 2800 signum
920 2729 977 2786 nisi
998 2729 1016 2784 J
1018 2747 1079 2786 ouae
1105 2731 1236 2786 dandum
1253 2749 1384 2802 praeuun-
1445 2769 1447 2778 a

336 2813 433 2870 'oiavit
457 2821 459 2824 '

783 3089 889 3150 Lnorro
908 3095 963 3152 II.2

375 3249 482 3304 Merito
500 3251 571 3320 ergo
589 3249 620 3304 in
638 3253 802 3306 sauctorum
813 3251 953 3322 natalitiis
967 3267 1067 3306 eorum
1078 3251 1147 3316 vita,
1156 3267 1214 3322 ¹per
1227 3265 1314 3326 quarn
1325 3245 1387 3304 Deo

341 3333 398 3404 Qui
416 3333 543 3390 videtin
562 3333 646 3390 oorde
672 3335 828 3408 probantur
854 3335 1122 3406 aotepti‚'1egitur;
1151 3335 1182 3388 in
1202 3347 1300 3388 eorum
1318 3327 1387 3390 vero

341 3419 576 3475 translationibus
599 3437 701 3474 eorum
725 3411 811 3490 opera
831 3423 860 3474 et
874 3419 1026 3486 ,miraoula
1050 3419 1217 3484 renitantur,
1244 3435 1296 3490 per
1322 3437 1386 3490 quae

342 3521 442 3558 eorum
466 3503 601 3558 sanctitas
620 3499 784 3558 hominibus
813 3503 863 3574 qui
881 3503 981 3558 vident
1006 3503 1037 3556 iu
1064 3503 1136 3558 faeie
1164 3503 1387 3558 manifestatur³

344 3587 527 3642 Gaudeamus
558 3587 659 3658 igitur,
689 3589 792 3644 fratres
809 3607 814 3612 ·’
824 3587 1015 3652 dilectissimi,
1049 3587 1099 3658 qui
1129 3587 1187 3642 tale
1214 3605 1246 3642 ao
1276 3591 1388 3642 tautum

343 3671 502 3726 meruimus
527 3671 633 3728 habere
664 3677 856 3744 protectorem
875 3677 904 3726 et
929 3677 1092 3742 patronum,
1118 3671 1235 3726 beatum
1252 3671 1388 3728 videlieet

342 3755 514 3824 Enguinum
537 3755 705 3826 episcopum
722 3761 751 3810 et
769 3757 969 3820 confessorem,
992 3755 1042 3828 qui
1059 3773 1111 3826 pro
1129 3755 1290 3812 iunooeutia
1307 3773 1388 3826 pura,
1486 3773 1488 3778 ‘

343 3839 405 3894 vita
425 3839 554 3904 honesta,
576 3844 605 3895 et
622 3845 709 3894 rectae
733 3839 801 3894 fidei
827 3839 957 3894 doctrina
982 3857 1048 3894 oum
1076 3839 1182 3894 sanetis
1201 3839 1257 3894 Dei
1283 3839 1391 3894 meruit

345 3923 473 3978 coronari
492 3925 523 3978 in
542 3923 632 3988 coelis,
654 3929 683 3978 et
700 3929 818 3996 propter
836 3941 923 3996 opera
939 3925 1079 3996 praeolara
1097 3927 1125 3978 et
1143 3923 1284 3978 miracula
1300 3923 1389 3978 ruani-

346 4009 419 4062 festa
437 4025 501 4080 quae
519 4023 571 4078 pro
584 4025 617 4062 eo
630 4007 710 4064 Deus
728 4007 842 4080 operari
854 4009 990 4078 dignatus
1004 4013 1056 4074 est,
1070 4007 1146 4062 inter
1160 4013 1271 4068 sanctos
1284 4007 1393 4064 confes-

347 4109 424 4148 sores
448 4093 604 4148 honoratur
622 4091 652 4148 iu
675 4093 774 4148 terris.
824 4091 898 4160 Quia
921 4109 992 4162 ergo
1010 4093 1141 4164 ejusdem
1160 4091 1272 4162 patroni
1301 4093 1392 4148 nostri

381 4421 598 4490 ¹rtoreseeotibus]
658 4423 844 4486 clarerentibus
896 4423 1004 4474 inserted
1025 4427 1061 4490 by
1082 4439 1098 4472 a
1119 4423 1181 4474 later
1202 4425 1271 4474 hand
1298 4423 1325 4472 in
1352 4425 1395 4474 the

347 4503 404 4556 MS.
896 4503 1001 4568 margin.
1335 4493 1336 4496 Ἴ

380 4583 482 4632 ²Theae
501 4581 621 4634 divisione
640 4583 669 4632 of
682 4583 725 4634 the
743 4583 846 4648 Legend
930 4583 1140 4648 ³rnnnz'festutur]
1200 4585 1395 4642 manifestantur,

349 4679 396 4724 are,
408 4661 523 4712 withthe
534 4661 663 4724 exception
683 4663 712 4712 of
725 4663 768 4712 the
786 4663 846 4724 first,
896 4661 952 4712 MS.
